
<!DOCTYPE html>
<html class="noJs" xmlns:wairole="http://www.w3.org/2005/01/wai-rdf/GUIRoleTaxonomy#" xmlns:waistate="http://www.w3.org/2005/07/aaa" lang="en" xml:lang="en">
<!-- BEGIN CategoriesDisplay.jsp -->
<head>
    <title>Ale &amp; stout | Sainsbury&#039;s</title>
    <meta name="description" content="Buy Ale &amp; stout online from Sainsbury&#039;s, the same great quality, freshness and choice you&#039;d find in store. Choose from 1 hour delivery slots and collect Nectar points."/>
    <meta name="keyword" content="ale,bitter,stout,porter
"/>
    <link rel="canonical" href="http://www.sainsburys.co.uk/shop/gb/groceries/drinks/ale-stout" />
    <!-- BEGIN CommonCSSToInclude.jspf --><!--[if IE 8]>
    <link type="text/css" href="http://c1.sainsburys.co.uk/wcsstore7.11.1.161/SainsburysStorefrontAssetStore/css/main-ie8.min.css" rel="stylesheet" media="all" />
    <![endif]-->

    <!--[if !IE 8]><!-->
    <link type="text/css" href="http://c1.sainsburys.co.uk/wcsstore7.11.1.161/SainsburysStorefrontAssetStore/css/main.min.css" rel="stylesheet" media="all" />
    <!--<![endif]-->


    <link type="text/css" href="http://c1.sainsburys.co.uk/wcsstore7.11.1.161/SainsburysStorefrontAssetStore/wcassets/groceries/css/espot.css" rel="stylesheet" media="all" />
    <link type="text/css" href="http://c1.sainsburys.co.uk/wcsstore7.11.1.161/SainsburysStorefrontAssetStore/css/print.css" rel="stylesheet" media="print"/>
    <!-- END CommonCSSToInclude.jspf --><!-- BEGIN CommonJSToInclude.jspf -->
    <meta name="CommerceSearch" content="storeId_10151" />



    <script type="text/javascript">
        var _deliverySlotInfo = {
            expiryDateTime: '',
            currentDateTime: 'November 18,2015 20:05:17',
            ajaxCountDownUrl: 'CountdownDisplayView?langId=44&storeId=10151',
            ajaxExpiredUrl: 'DeliverySlotExpiredDisplayView?langId=44&storeId=10151&currentPageUrl=http%3a%2f%2fwww.sainsburys.co.uk%2fwebapp%2fwcs%2fstores%2fservlet%2f%2fCategoryDisplay%3fcatalogId%3d10122%26level%3d2%26top_category%3d12192%26parent_category_rn%3d12192%26langId%3d44%26categoryId%3d12257%26beginIndex%3d0%26storeId%3d10151&AJAXCall=true'
        }
        var _amendOrderSlotInfo = {
            expiryDateTime: '',
            currentDateTime: 'November 18,2015 20:05:17',
            ajaxAmendOrderExpiryUrl: 'AjaxOrderAmendSlotExpiryView?langId=44&storeId=10151&currentPageUrl=http%3a%2f%2fwww.sainsburys.co.uk%2fwebapp%2fwcs%2fstores%2fservlet%2f%2fCategoryDisplay%3fcatalogId%3d10122%26level%3d2%26top_category%3d12192%26parent_category_rn%3d12192%26langId%3d44%26categoryId%3d12257%26beginIndex%3d0%26storeId%3d10151'
        }
        var _commonPageInfo = {
            currentUrl: 'http://www.sainsburys.co.uk/webapp/wcs/stores/servlet//CategoryDisplay?catalogId=10122&amp;level=2&amp;top_category=12192&amp;parent_category_rn=12192&amp;langId=44&amp;categoryId=12257&amp;beginIndex=0&amp;storeId=10151',
            storeId: '10151',
            langId: '44'
        }
    </script>

    <script type="text/javascript">
        var _rhsCheckPostCodeRuleset = {
            postCode: {
                isEmpty: {
                    param: true,
                    text: 'Sorry, this postcode has not been recognised - Please try again.',
                    msgPlacement: "#checkPostCodePanel #Rhs_checkPostCode .field",
                    elemToAddErrorClassTo: "#checkPostCodePanel #Rhs_checkPostCode .field"
                },
                minLength: {
                    param: 5,
                    text: 'Sorry, this entry must be at least 5 characters long.',
                    msgPlacement: "#checkPostCodePanel #Rhs_checkPostCode .field",
                    elemToAddErrorClassTo: "#checkPostCodePanel #Rhs_checkPostCode .field"
                },
                maxLength: {
                    param: 8,
                    text: 'Sorry, this postcode has not been recognised - Please try again.',
                    msgPlacement: "#checkPostCodePanel #Rhs_checkPostCode .field",
                    elemToAddErrorClassTo: "#checkPostCodePanel #Rhs_checkPostCode .field"
                },
                isPostcode: {
                    param: true,
                    text: 'Sorry, this postcode has not been recognised - Please try again.',
                    msgPlacement: "#checkPostCodePanel #Rhs_checkPostCode .field",
                    elemToAddErrorClassTo: "#checkPostCodePanel #Rhs_checkPostCode .field"
                }
            }
        }
    </script>

    <script type="text/javascript">
        var _rhsLoginValidationRuleset = {
            logonId: {
                isEmpty: {
                    param: true,
                    text: 'Please enter your username in the space provided.',
                    msgPlacement: "fieldUsername",
                    elemToAddErrorClassTo: "fieldUsername"
                },
                notMatches: {
                    param: "#logonPassword",
                    text: 'Sorry, your details have not been recognised. Please try again.',
                    msgPlacement: "fieldUsername",
                    elemToAddErrorClassTo: "fieldUsername"
                }
            },
            logonPassword: {
                isEmpty: {
                    param: true,
                    text: 'Please enter your password in the space provided.',
                    msgPlacement: "fieldPassword",
                    elemToAddErrorClassTo: "fieldPassword"
                },
                minLength: {
                    param: 6,
                    text: 'Please enter your password in the space provided.',
                    msgPlacement: "fieldPassword",
                    elemToAddErrorClassTo: "fieldPassword"
                }
            }
        }
    </script>

    <script type="text/javascript">
        var typeAheadTrigger = 2;
    </script>

    <script type="text/javascript" data-dojo-config="isDebug: false, useCommentedJson: true,locale: 'en-gb', parseOnLoad: true, dojoBlankHtmlUrl:'/wcsstore/SainsburysStorefrontAssetStore/js/dojo.1.7.1/blank.html'" src="http://c1.sainsburys.co.uk/wcsstore7.11.1.161/SainsburysStorefrontAssetStore/js/dojo.1.7.1/dojo/dojo.js"></script>




    <script type="text/javascript" src="http://c1.sainsburys.co.uk/wcsstore7.11.1.161/SainsburysStorefrontAssetStore/js/sainsburys.js"></script>


    <script type="text/javascript">require(["dojo/parser", "dijit/layout/AccordionContainer", "dijit/layout/ContentPane", "dojox/widget/AutoRotator", "dojox/widget/rotator/Fade"]);</script>
    <script type="text/javascript" src="http://c1.sainsburys.co.uk/wcsstore7.11.1.161/SainsburysStorefrontAssetStore/wcassets/groceries/scripts/page/faq.js"></script>


    <style id="antiCJ">.js body{display:none !important;}</style>
    <script type="text/javascript">if (self === top) {var antiCJ = document.getElementById("antiCJ");antiCJ.parentNode.removeChild(antiCJ);} else {top.location = self.location;}</script>
    <!-- END CommonJSToInclude.jspf -->
</head>

<body id="shelfPage" class="shelfPage">
<div id="page">
<!-- BEGIN StoreCommonUtilities.jspf --><!-- END StoreCommonUtilities.jspf --><!-- Header Nav Start --><!-- BEGIN LayoutContainerTop.jspf --><!-- BEGIN HeaderDisplay.jspf --><!-- BEGIN CachedHeaderDisplay.jsp -->

<ul id="skipLinks">
    <li><a href="#content">Skip to main content</a></li>
    <li><a href="#groceriesNav">Skip to groceries navigation menu</a></li>

</ul>

<div id="globalHeaderContainer">
    <div class="header globalHeader" id="globalHeader">
        <div class="globalNav">
            <ul>
                <li>
                    <a href="http://www.sainsburys.co.uk">
                        <span class="moreSainsburysIcon"></span>
                        Explore more at Sainsburys.co.uk
                    </a>
                </li>
                <li>
                    <a href="http://help.sainsburys.co.uk" rel="external">
                        <span class="helpCenterIcon"></span>
                        Help Centre
                    </a>
                </li>
                <li>
                    <a href="http://stores.sainsburys.co.uk">
                        <span class="storeLocatorIcon"></span>
                        Store Locator
                    </a>
                </li>
                <li class="loginRegister">

                    <a href="https://www.sainsburys.co.uk/sol/my_account/accounts_home.jsp">
                        <span class="userIcon"></span>
                        Log in / Register
                    </a>

                </li>
            </ul>
        </div>

        <div class="globalHeaderLogoSearch">
            <!-- BEGIN LogoSearchNavBar.jspf -->

            <a href="http://www.sainsburys.co.uk/shop/gb/groceries" class="mainLogo"><img src="/wcsstore/SainsburysStorefrontAssetStore/img/logo.png" alt="Sainsbury's" /></a>
            <div class="searchBox" role="search">


                <form name="sol_search" method="get" action="SearchDisplay" id="globalSearchForm">

                    <input type="hidden" name="viewTaskName" value="CategoryDisplayView" />
                    <input type="hidden" name="recipesSearch" value="true" />
                    <input type="hidden" name="orderBy" value="RELEVANCE" />


                    <input type="hidden" name="skipToTrollyDisplay" value="false"/>

                    <input type="hidden" name="favouritesSelection" value="0"/>

                    <input type="hidden" name="parent_category_rn" value="12192"/>

                    <input type="hidden" name="langId" value="44"/>

                    <input type="hidden" name="storeId" value="10151"/>


                    <label for="search" class="access">Search for products</label>
                    <input type="search" name="searchTerm" id="search" maxlength="150" value="" autocomplete="off" placeholder="Search" />
                    <button type="button" id="clearSearch" class="clearSearch hidden">Clear the search field</button>
                    <input type="submit" name="searchSubmit" id="searchSubmit" value="Search" />
                </form>

                <a class="findProduct" href="http://www.sainsburys.co.uk/webapp/wcs/stores/servlet/ShoppingListDisplay?catalogId=10122&action=ShoppingListDisplay&urlLangId=&langId=44&storeId=10151">Search for multiple products</a>
                <!-- ul class="searchNav">
                    <li class="shoppingListLink"><a href="http://www.sainsburys.co.uk/webapp/wcs/stores/servlet/ShoppingListDisplay?catalogId=10122&action=ShoppingListDisplay&urlLangId=&langId=44&storeId=10151">Find a list of products</a></li>
                    <li><a href="http://stores.sainsburys.co.uk">Store Locator</a></li>
                    <li><a href="https://www.sainsburys.co.uk/sol/my_account/accounts_home.jsp">My Account</a></li>

                             <li><a href="https://www.sainsburys.co.uk/webapp/wcs/stores/servlet/QuickRegistrationFormView?catalogId=10122&amp;langId=44&amp;storeId=10151" >Register</a></li>

                </ul-->

            </div>
            <!-- END LogoSearchNavBar.jspf -->
        </div>
        <div id="groceriesNav" class="groceriesNav">
            <ul class="mainNav">
                <li>

                    <a class="active" href="http://www.sainsburys.co.uk/shop/gb/groceries"><strong>Groceries</strong></a>

                </li>
                <li>

                    <a href="http://www.sainsburys.co.uk/shop/gb/groceries/favourites">Favourites</a>

                </li>
                <li>

                    <a href="http://www.sainsburys.co.uk/shop/gb/groceries/great-offers">Great Offers</a>

                </li>
                <li>

                    <a href="http://www.sainsburys.co.uk/shop/gb/groceries/ideas-recipes">Ideas &amp; Recipes</a>

                </li>
                <li>

                    <a href="http://www.sainsburys.co.uk/shop/gb/groceries/benefits">Benefits</a>

                </li>
            </ul>
            <hr />

            <p class="access">Groceries Categories</p>

            <div class="subNav">
                <ul>

                    <li>

                        <a href="http://www.sainsburys.co.uk/shop/gb/groceries/Christmas">Christmas</a>

                    </li>

                    <li>

                        <a href="http://www.sainsburys.co.uk/shop/gb/groceries/fruit-veg">Fruit &amp; veg</a>

                    </li>

                    <li>

                        <a href="http://www.sainsburys.co.uk/shop/gb/groceries/meat-fish">Meat &amp; fish</a>

                    </li>

                    <li>

                        <a href="http://www.sainsburys.co.uk/shop/gb/groceries/dairy-eggs-chilled">Dairy, eggs &amp; chilled</a>

                    </li>

                    <li>

                        <a href="http://www.sainsburys.co.uk/shop/gb/groceries/bakery">Bakery</a>

                    </li>

                    <li>

                        <a href="http://www.sainsburys.co.uk/shop/gb/groceries/frozen-">Frozen</a>

                    </li>

                    <li>

                        <a href="http://www.sainsburys.co.uk/shop/gb/groceries/food-cupboard">Food cupboard</a>

                    </li>

                    <li>

                        <a class="active" href="http://www.sainsburys.co.uk/shop/gb/groceries/drinks"><strong>Drinks</strong></a>

                    </li>

                    <li>

                        <a href="http://www.sainsburys.co.uk/shop/gb/groceries/health-beauty">Health &amp; beauty</a>

                    </li>

                    <li>

                        <a href="http://www.sainsburys.co.uk/shop/gb/groceries/baby">Baby</a>

                    </li>

                    <li>

                        <a href="http://www.sainsburys.co.uk/shop/gb/groceries/household">Household</a>

                    </li>

                    <li>

                        <a href="http://www.sainsburys.co.uk/shop/gb/groceries/pet">Pet</a>

                    </li>

                    <li>

                        <a href="http://www.sainsburys.co.uk/shop/gb/groceries/home-ents">Home</a>

                    </li>

                </ul>
            </div>

        </div>
    </div>
</div>
<!-- Generated on: Wed Nov 18 20:05:17 GMT 2015  -->
<!-- END CachedHeaderDisplay.jsp --><!-- END HeaderDisplay.jspf --><!-- END LayoutContainerTop.jspf --><!-- Header Nav End --><!-- Main Area Start -->
<div id="main">
<!-- Content Start -->
<div class="article" id="content">

<div class="nav breadcrumb" id="breadcrumbNav">
    <p class="access">You are here:</p>
    <ul>

        <li class="first"><span class="corner"></span><a href="http://www.sainsburys.co.uk/shop/gb/groceries/drinks"><span>Drinks</span></a>

            <span class="arrow"></span>

            <div>
                <p>Select an option:</p>
                <ul>

                    <li><a href="http://www.sainsburys.co.uk/shop/gb/groceries/drinks/wine-champagne">Wine & champagne</a></li>

                    <li><a href="http://www.sainsburys.co.uk/shop/gb/groceries/drinks/lager-beer-cider">Lager, beer & cider</a></li>

                    <li><a href="http://www.sainsburys.co.uk/shop/gb/groceries/drinks/spirits-liqueurs">Spirits</a></li>

                    <li><a href="http://www.sainsburys.co.uk/shop/gb/groceries/drinks/alcohol-gifts">Alcohol gifts</a></li>

                    <li><a href="http://www.sainsburys.co.uk/shop/gb/groceries/drinks/mixers-adult-soft-drinks">Mixers & adult soft drinks</a></li>

                    <li><a href="http://www.sainsburys.co.uk/shop/gb/groceries/drinks/tea-coffee-hot-drinks">Tea, coffee & hot drinks</a></li>

                    <li><a href="http://www.sainsburys.co.uk/shop/gb/groceries/drinks/milk-milk-drinks">Milk & milk drinks</a></li>

                    <li><a href="http://www.sainsburys.co.uk/shop/gb/groceries/drinks/water">Water</a></li>

                    <li><a href="http://www.sainsburys.co.uk/shop/gb/groceries/drinks/squash-cordials">Squash & cordials</a></li>

                    <li><a href="http://www.sainsburys.co.uk/shop/gb/groceries/drinks/fizzy-drinks">Fizzy drinks</a></li>

                    <li><a href="http://www.sainsburys.co.uk/shop/gb/groceries/drinks/drinks-chilled-fruit-juice-smoothies">Chilled fruit juice & smoothies</a></li>

                    <li><a href="http://www.sainsburys.co.uk/shop/gb/groceries/drinks/longer-life-juice">Longer life juice & juice drinks</a></li>

                    <li><a href="http://www.sainsburys.co.uk/shop/gb/groceries/drinks/kids-lunchbox">Kids & lunchbox</a></li>

                    <li><a href="http://www.sainsburys.co.uk/shop/gb/groceries/drinks/sports-energy-wellbeing">Sports, energy & wellbeing</a></li>

                </ul>
            </div>
        </li>

        <li class="second"><a href="http://www.sainsburys.co.uk/shop/gb/groceries/drinks/lager-beer-cider"><span>Lager, beer & cider</span></a> <span class="arrow"></span>
            <div>
                <p>Select an option:</p>
                <ul>

                    <li><a href="http://www.sainsburys.co.uk/shop/gb/groceries/drinks/top-offers-%28for-delivery-by-tues-27th-october%29">Top offers (for delivery by Tues 9th Dec)</a></li>

                    <li><a href="http://www.sainsburys.co.uk/shop/gb/groceries/drinks/cider">Cider</a></li>

                    <li><a href="http://www.sainsburys.co.uk/shop/gb/groceries/drinks/lager">Lager</a></li>

                    <li><a href="http://www.sainsburys.co.uk/shop/gb/groceries/drinks/ale-stout">Ale & stout</a></li>

                    <li><a href="http://www.sainsburys.co.uk/shop/gb/groceries/drinks/world-beer">World beer</a></li>

                    <li><a href="http://www.sainsburys.co.uk/shop/gb/groceries/drinks/speciality-beers">Speciality beers</a></li>

                    <li><a href="http://www.sainsburys.co.uk/shop/gb/groceries/drinks/bigger-packs-190218-44">Bigger packs</a></li>

                    <li><a href="http://www.sainsburys.co.uk/shop/gb/groceries/drinks/low-alcohol-lager-beer-cider">Low alcohol beer & cider</a></li>

                    <li><a href="http://www.sainsburys.co.uk/shop/gb/groceries/drinks/lager-beer-cider-gift-packs">Lager, beer & cider gift packs</a></li>

                    <li><a href="http://www.sainsburys.co.uk/shop/gb/groceries/drinks/lager-beer-cider-special-offers">Special offers</a></li>

                </ul>
            </div>
        </li>

        <li class="third"><a href="http://www.sainsburys.co.uk/shop/gb/groceries/drinks/ale-stout"><span>Ale & stout</span></a>

        </li>

    </ul>
</div>
<!-- BEGIN MessageDisplay.jspf --><!-- END MessageDisplay.jspf --><!-- BEGIN ShelfDisplay.jsp -->

<div class="section">

    <h1 id="resultsHeading" class="resultsHeading">
        Ale & stout&nbsp;(136 products available)
    </h1>

    <!-- DEBUG: shelfTopLeftESpotName = Z:DRINKS/D:LAGER_BEER_AND_CIDER/A:ALE_AND_STOUT/Shelf_Top_Left --><!-- DEBUG: shelfTopRightESpotName = Z:DRINKS/D:LAGER_BEER_AND_CIDER/A:ALE_AND_STOUT/Shelf_Top_Right -->
    <div class="eSpotContainer">

        <div id="sitecatalyst_ESPOT_NAME_Z:DRINKS/D:LAGER_BEER_AND_CIDER/A:ALE_AND_STOUT/Shelf_Top_Left" class="siteCatalystTag">Z:DRINKS/D:LAGER_BEER_AND_CIDER/A:ALE_AND_STOUT/Shelf_Top_Left</div>
        <div class="es es-border-box" style="width: 100%; height: 150px; padding-bottom: 15px; "><div suspendOnHover="true" dojotype="dojox.widget.AutoRotator" transition="dojox.widget.rotator.crossFade" id="myAutoRotator1445437161818" class="es-border-box-100  es-transparent-bg" duration=""><div class="es-border-box-100"><div class="es-border-box-100"><a href="/shop/gb/groceries/get-ideas/features/pc13-great-offers-on-green-king-ipa"><img src="/wcassets/2015_2016/cycle_13_18_nov/green_king_full_banner_value_135x847px.jpg" alt="Great offers on a selection of Greene King IPA 4 pack products. Find out more."/></a></div><div class="es-border-box es-white-bg" style="width: 168px; height: 155px; position: absolute; left: 0px; top: 0px; opacity: 1; -ms-filter: progid:DXImageTransform.Microsoft.Alpha(100); filter: alpha(opacity=100);"></div><div class="es-border-box" style="width: 168px; height: 155px; position: absolute; left: 0px; top: 0px; padding-left: 15px; padding-top: 10px; padding-right: 15px; padding-bottom: 15px; "><div class="es-border-box" style="width: 100%; padding-top: px; "><h3 class="content-value"><img class="content-value" src="/wcassets/default/banner/pound-icon.jpg" alt="" width="20" height="20" />Don't miss...</h3></div><div style="width: 100%; padding-top: px; " class="es-border-box"><p>Great offers on selected Greene King IPA</p></div><div class="es-border-box" style="width: 100%; padding-top: px;"><a class="es-promotion-link" style="color:#ffffcc" href="" target="_blank">&raquo;
        </a><a class="es-promotion-link" style="color:#ffffcc" href="">&raquo;
        </a></div></div></div></div></div>

        <div id="sitecatalyst_ESPOT_NAME_Z:DRINKS/D:LAGER_BEER_AND_CIDER/A:ALE_AND_STOUT/Shelf_Top_Right" class="siteCatalystTag">Z:DRINKS/D:LAGER_BEER_AND_CIDER/A:ALE_AND_STOUT/Shelf_Top_Right</div>

    </div>
</div>

<div class="section" id="filterContainer">
<!-- FILTER SECTION STARTS HERE--><!-- BEGIN BrowseFacetsDisplay.jspf--><!-- Start Filter -->
<h2 class="access">Product filter options</h2>
<div class="filterSlither">
<div class="filterCollapseBar">
    <div class="noFlexComponent">
        <a href="#filterOptions" id="showHideFilterSlither" aria-controls="filterOptions">
            Filter your list
        </a>
	                <span class="quantitySelected" id="quantitySelected" role="status" aria-live="assertive" aria-relevant="text">

	                </span>
        <a href="http://www.sainsburys.co.uk/webapp/wcs/stores/servlet/CategoryDisplay?pageSize=30&catalogId=10122&orderBy=FAVOURITES_FIRST&facet=&top_category=12192&parent_category_rn=12192&beginIndex=0&categoryId=12257&langId=44&storeId=10151" class="repressive">
            Clear filters
        </a>
    </div>
</div>



<form class="shelfFilterOptions " id="filterOptions" name="search_facets_form" action="" method="get" class="noFlexComponent">
<input type="hidden" value="44" name="langId">
<input type="hidden" value="10151" name="storeId">
<input type="hidden" value="10122" name="catalogId">
<input type="hidden" value="12257" name="categoryId">
<input type="hidden" value="12192" name="parent_category_rn">
<input type="hidden" value="12192" name="top_category">
<input type="hidden" value="30" name="pageSize">
<input type="hidden" value="FAVOURITES_FIRST" name="orderBy">
<input type="hidden" value="" name="searchTerm">
<input type="hidden" value="0" name="beginIndex">


<div class="wrapper" id="filterOptionsContainer">



<div class="field options">
    <div class="indicator">
        <p>Options:</p>
    </div>
    <div class="checkboxes">



        <div class="input">


            <input id="globalOptions0" name="facet" type="checkbox" disabled="disabled" value="" aria-disabled="true" />

            <label class="favouritesLabel" for="globalOptions0">Favourites</label>

        </div>



        <div class="input">


            <input id="globalOptions1" name="facet" type="checkbox" value="86" />

            <label for="globalOptions1">New</label>

        </div>



        <div class="input">


            <input id="globalOptions2" name="facet" type="checkbox" value="88" />

            <label class="offersLabel" for="globalOptions2">Offers</label>

        </div>



    </div>

</div><!-- BEGIN BrandFacetDisplay.jspf -->

<div class="field topBrands">
    <div class="indicator">
        <p>Top Brands:</p>
    </div>
    <div class="checkboxes">


        <div class="input">

            <input id="topBrands0" name="facet" type="checkbox" value="887" />

            <label for="topBrands0">Sainsbury&#039;s</label>
        </div>

        <div class="input">

            <input id="topBrands1" name="facet" type="checkbox" value="4294964749" />

            <label for="topBrands1">Fuller&#039;s</label>
        </div>

        <div class="input">

            <input id="topBrands2" name="facet" type="checkbox" value="4294964818" />

            <label for="topBrands2">Badger</label>
        </div>

        <div class="input">

            <input id="topBrands3" name="facet" type="checkbox" value="4294964807" />

            <label for="topBrands3">Greene King</label>
        </div>

        <div class="input">

            <input id="topBrands4" name="facet" type="checkbox" value="4294964940" />

            <label for="topBrands4">Guinness</label>
        </div>

        <div class="extraTopBrandCheckboxes jsHide" id="extraTopBrandCheckboxes">

            <div class="input">

                <input id="extraCheckbox0" name="facet" type="checkbox" value="4294960720" />

                <label for="extraCheckbox0">Old Speckled Hen</label>
            </div>

            <div class="input">

                <input id="extraCheckbox1" name="facet" type="checkbox" value="4294964671" />

                <label for="extraCheckbox1">Wychwood</label>
            </div>

            <div class="input">

                <input id="extraCheckbox2" name="facet" type="checkbox" value="4294964129" />

                <label for="extraCheckbox2">BrewDog</label>
            </div>

            <div class="input">

                <input id="extraCheckbox3" name="facet" type="checkbox" value="4294964688" />

                <label for="extraCheckbox3">Shepherd Neame</label>
            </div>

            <div class="input">

                <input id="extraCheckbox4" name="facet" type="checkbox" value="4294964585" />

                <label for="extraCheckbox4">Adnams</label>
            </div>

            <div class="input">

                <input id="extraCheckbox5" name="facet" type="checkbox" value="4294964332" />

                <label for="extraCheckbox5">Bath Ales</label>
            </div>

            <div class="input">

                <input id="extraCheckbox6" name="facet" type="checkbox" value="4294964206" />

                <label for="extraCheckbox6">Bombardier</label>
            </div>

            <div class="input">

                <input id="extraCheckbox7" name="facet" type="checkbox" value="4294964341" />

                <label for="extraCheckbox7">Innis &amp; Gunn</label>
            </div>

            <div class="input">

                <input id="extraCheckbox8" name="facet" type="checkbox" value="4294964936" />

                <label for="extraCheckbox8">John Smith&#039;s</label>
            </div>

            <div class="input">

                <input id="extraCheckbox9" name="facet" type="checkbox" value="4294964357" />

                <label for="extraCheckbox9">Marston&#039;s</label>
            </div>

            <div class="input">

                <input id="extraCheckbox10" name="facet" type="checkbox" value="4294964112" />

                <label for="extraCheckbox10">Sharp&#039;s Brewery</label>
            </div>

            <div class="input">

                <input id="extraCheckbox11" name="facet" type="checkbox" value="4294964745" />

                <label for="extraCheckbox11">Black Sheep</label>
            </div>

            <div class="input">

                <input id="extraCheckbox12" name="facet" type="checkbox" value="4294964832" />

                <label for="extraCheckbox12">Brains</label>
            </div>

            <div class="input">

                <input id="extraCheckbox13" name="facet" type="checkbox" value="4294964197" />

                <label for="extraCheckbox13">Erdinger</label>
            </div>

            <div class="input">

                <input id="extraCheckbox14" name="facet" type="checkbox" value="4294966402" />

                <label for="extraCheckbox14">Green&#039;s</label>
            </div>

        </div>


    </div>
</div>

<!-- END BrandFacetDisplay.jspf --><!-- BEGIN TypeFacetDisplay.jspf -->

<div class="field type">

    <div class="indicator">
        <p>Type:</p>
    </div>
    <div class="checkboxes">



        <div class="checkBoxWrapper">



            <div class="input">

                <input id="type0" name="facet" type="checkbox" value="4294964946" />

                <label for="type0">Ale</label>
            </div>



            <div class="input">

                <input id="type1" name="facet" type="checkbox" value="4294964941" />

                <label for="type1">Stout</label>
            </div>



            <div class="input">

                <input id="type2" name="facet" type="checkbox" value="4294965062" />

                <label for="type2">Bottle</label>
            </div>


        </div>
        <div class="checkBoxWrapper">


            <div class="input">

                <input id="type3" name="facet" type="checkbox" value="4294964945" />

                <label for="type3">Can</label>
            </div>



            <div class="input">

                <input id="type4" name="facet" type="checkbox" value="4294965061" />

                <label for="type4">Single</label>
            </div>



            <div class="input">

                <input id="type5" name="facet" type="checkbox" value="4294964944" />

                <label for="type5">Multipack</label>
            </div>



        </div>

    </div>



</div>

<!-- END TypeFacetDisplay.jspf -->
</div>

<!-- BEGIN DietaryFacetDisplay.jspf -->

<div class="filterCollapseBarDietAndLifestyle">
    <a href="#dietAndLifestyle" id="showHideDietAndLifestyle">Dietary & lifestyle options</a>
    <span class="misc">
        (such as vegetarian, organic and British)
    </span>
</div>

<div class="field dietAndLifestyle jsHide" id="dietAndLifestyle">
    <div class="checkboxes">


        <div class="input">

            <input id="dietAndLifestyle0" name="facet" type="checkbox" value="4294966711" />

            <label for="dietAndLifestyle0">
                Organic
            </label>
        </div>

        <div class="input">

            <input id="dietAndLifestyle1" name="facet" type="checkbox" value="4294966753" />

            <label for="dietAndLifestyle1">
                Suitable for Vegans
            </label>
        </div>

        <div class="input">

            <input id="dietAndLifestyle2" name="facet" type="checkbox" value="4294966763" />

            <label for="dietAndLifestyle2">
                Suitable for Vegetarians
            </label>
        </div>


    </div>
</div>

<!-- END DietaryFacetDisplay.jspf -->

<div class="filterActions">
    <input class="button primary" type="submit" id="applyfilter" name="applyfilter" value="Apply filter" />
</div>
</form>
</div>

<!-- END BrowseFacetsDisplay.jspf--><!-- FILTER SECTION ENDS HERE-->
</div>
<div class="section" id="productsContainer">
<div id="productsOverlay" class="areaOverlay"></div>
<div id="productLister">

<h2 class="access">Product pagination</h2>
<div class="pagination">


    <ul class="viewOptions">

        <li class="gridSelected">
            <span class="access">Grid view</span>
        </li>
        <li class="list">
            <a href="http://www.sainsburys.co.uk/webapp/wcs/stores/servlet/CategoryDisplay?listView=true&amp;orderBy=FAVOURITES_FIRST&amp;parent_category_rn=12192&amp;top_category=12192&amp;langId=44&amp;beginIndex=0&amp;pageSize=20&amp;catalogId=10122&amp;searchTerm=&amp;categoryId=12257&amp;listId=&amp;storeId=10151&amp;promotionId=">
                <span class="access">List view</span>
            </a>
        </li>

    </ul>


    <form name="search_orderBy_form" action="CategoryDisplay" method="get">
        <input type="hidden" value="44" name="langId">
        <input type="hidden" value="10151" name="storeId">
        <input type="hidden" value="10122" name="catalogId">
        <input type="hidden" value="12257" name="categoryId">
        <input type="hidden" value="30" name="pageSize">
        <input type="hidden" value="0" name="beginIndex">

        <input type="hidden" value="" name="promotionId">

        <input type="hidden" value="" name="listId">
        <input type="hidden" value="" name="searchTerm">
        <input type="hidden" name="hasPreviousOrder" value="">
        <input type="hidden" name="previousOrderId" value="" />
        <input type="hidden" name="categoryFacetId1" value="" />
        <input type="hidden" name="categoryFacetId2" value="" />
        <input type="hidden" name="bundleId" value="" />



        <div class="field">
            <div class="indicator">
                <label for="orderBy">Sort by:</label>
            </div>


            <input type="hidden" value="12192" name="parent_category_rn">
            <input type="hidden" value="12192" name="top_category">

            <div class="input">
                <div class="selectWrapper">
                    <select id="orderBy" name="orderBy">

                        <option value="FAVOURITES_FIRST" selected="selected">Favourites First </option>
                        <option value="PRICE_ASC" >Price - Low to High</option>
                        <option value="PRICE_DESC" >Price - High to Low</option>
                        <option value="NAME_ASC" >Product Name - A - Z</option>
                        <option value="NAME_DESC" >Product Name - Z - A</option>
                        <option value="TOP_SELLERS" >Top Sellers</option>

                        <option value="RATINGS_DESC" >Ratings - High to Low</option>

                    </select>
                    <span></span>
                </div>
            </div>
        </div>
        <div class="actions">
            <input type="submit" class="button" id="Sort" name="Sort" value="Sort" />
        </div>
    </form>


    <form name="search_pageSize_form" action="CategoryDisplay" method="get">
        <input type="hidden" value="44" name="langId">
        <input type="hidden" value="10151" name="storeId">
        <input type="hidden" value="10122" name="catalogId">
        <input type="hidden" value="12257" name="categoryId">
        <input type="hidden" value="FAVOURITES_FIRST" name="orderBy">
        <input type="hidden" value="0" name="beginIndex">

        <input type="hidden" value="" name="promotionId">
        <input type="hidden" value="" name="listId">
        <input type="hidden" value="" name="searchTerm">
        <input type="hidden" name="hasPreviousOrder" value="">
        <input type="hidden" name="previousOrderId" value="" />
        <input type="hidden" name="categoryFacetId1" value="" />
        <input type="hidden" name="categoryFacetId2" value="" />
        <input type="hidden" name="bundleId" value="" />

        <input type="hidden" value="12192" name="parent_category_rn">
        <input type="hidden" value="12192" name="top_category">

        <div class="field">
            <div class="indicator">
                <label for="pageSize">Per page</label>
            </div>
            <div class="input">
                <div class="selectWrapper">
                    <select id="pageSize" name="pageSize">

                        <option value="30" selected="selected">30</option>

                        <option value="45" >45</option>

                        <option value="60" >60</option>

                        <option value="75" >75</option>

                        <option value="90" >90</option>

                    </select>
                    <span></span>
                </div>
            </div>
        </div>
        <div class="actions">
            <input type="submit" class="button" id="Go" name="Go" value="Go" />
        </div>
    </form>


    <ul class="pages">
        <li class="previous">

            <span class="access">Go to previous page</span>

        </li>

        <li class="current"><span class="access">Current page </span><span>1</span></li>

        <li><a href="http://www.sainsburys.co.uk/webapp/wcs/stores/servlet/CategoryDisplay?pageSize=30&amp;searchTerm=&amp;catalogId=10122&amp;orderBy=FAVOURITES_FIRST&amp;top_category=12192&amp;parent_category_rn=12192&amp;listId=&amp;categoryId=12257&amp;langId=44&amp;beginIndex=30&amp;storeId=10151&amp;promotionId="><span class="access">Page </span><span>2</span></a></li>

        <li><a href="http://www.sainsburys.co.uk/webapp/wcs/stores/servlet/CategoryDisplay?pageSize=30&amp;searchTerm=&amp;catalogId=10122&amp;orderBy=FAVOURITES_FIRST&amp;top_category=12192&amp;parent_category_rn=12192&amp;listId=&amp;categoryId=12257&amp;langId=44&amp;beginIndex=60&amp;storeId=10151&amp;promotionId="><span class="access">Page </span><span>3</span></a></li>

        <li><a href="http://www.sainsburys.co.uk/webapp/wcs/stores/servlet/CategoryDisplay?pageSize=30&amp;searchTerm=&amp;catalogId=10122&amp;orderBy=FAVOURITES_FIRST&amp;top_category=12192&amp;parent_category_rn=12192&amp;listId=&amp;categoryId=12257&amp;langId=44&amp;beginIndex=90&amp;storeId=10151&amp;promotionId="><span class="access">Page </span><span>4</span></a></li>

        <li><a href="http://www.sainsburys.co.uk/webapp/wcs/stores/servlet/CategoryDisplay?pageSize=30&amp;searchTerm=&amp;catalogId=10122&amp;orderBy=FAVOURITES_FIRST&amp;top_category=12192&amp;parent_category_rn=12192&amp;listId=&amp;categoryId=12257&amp;langId=44&amp;beginIndex=120&amp;storeId=10151&amp;promotionId="><span class="access">Page </span><span>5</span></a></li>

        <li class="next">

            <a href="http://www.sainsburys.co.uk/webapp/wcs/stores/servlet/CategoryDisplay?pageSize=30&amp;searchTerm=&amp;catalogId=10122&amp;orderBy=FAVOURITES_FIRST&amp;top_category=12192&amp;parent_category_rn=12192&amp;listId=&amp;categoryId=12257&amp;langId=44&amp;beginIndex=30&amp;storeId=10151&amp;promotionId=">

                <span class="access">Go to next page</span>

            </a>

        </li>
    </ul>

</div>

<h2 class="access">Products</h2>
<ul class="productLister gridView">


<li class="gridItem">
    <!-- BEGIN CatalogEntryThumbnailDisplay.jsp --><!-- BEGIN MerchandisingAssociationsDisplay.jsp --><!-- Start - JSP File Name:  MerchandisingAssociationsDisplay.jsp --><!-- END MerchandisingAssociationsDisplay.jsp -->
    <div class="product  highlighted specialOffer">

        <div class="productInfo">
            <div class="productNameAndPromotions">

                <h3>
                    <a href="http://www.sainsburys.co.uk/shop/gb/groceries/ale-stout/adnams-broadside-ale-500ml" >
                        Adnams Broadside Ale 500ml
                        <img src="http://c2.sainsburys.co.uk/wcsstore7.11.1.161/ExtendedSitesCatalogAssetStore/images/catalog/productImages/60/5016878000160/5016878000160_L.jpeg" alt="" />
                    </a>
                </h3>

                <div class="promotion">

                    <p><a href="http://www.sainsburys.co.uk/webapp/wcs/stores/servlet/PromotionDisplayView?catalogId=10122&amp;langId=44&amp;productId=82704&amp;storeId=10151&amp;promotionId=10156241">Buy any 3 for £5.00</a></p>

                </div>

            </div>
        </div>

        <div class="strapline"><a href="http://www.sainsburys.co.uk/webapp/wcs/stores/servlet/PromotionDisplayView?catalogId=10122&amp;langId=44&amp;productId=82704&amp;storeId=10151&amp;promotionId=10156241"><img src="/wcsstore7.11.1.161/SainsburysStorefrontAssetStore/wcassets/icons/special/img-special-offer.png" alt="Special Offer" /></a></div>

        <div class="errorBanner hidden" id="error82705"></div>
        <div class="addToTrolleytabBox">
            <!--addToTrolleytabBox GRID VIEW --><!-- Start UserSubscribedOrNot.jspf --><!-- Start UserSubscribedOrNot.jsp --><!--
			If the user is not logged in, render this opening
			DIV adding an addtional class to fix the border top which is removed
			and replaced by the tabs
		-->
            <div class="addToTrolleytabContainer addItemBorderTop">
                <!-- End AddToSubscriptionList.jsp --><!-- End AddSubscriptionList.jspf --><!--
                    ATTENTION!!!
                    <div class="addToTrolleytabContainer">
                    This opening div is inside "../../ReusableObjects/UserSubscribedOrNot.jsp"
                    -->
                <div class="pricingAndTrolleyOptions">

                    <div class="priceTab priceTabContainer activeContainer addItem" id="addItem_82705">
                        <div class="pricing">

                            <p class="pricePerUnit">
                                £2.00<abbr title="per">/</abbr><abbr title="unit"><span class="pricePerUnitUnit">unit</span></abbr>
                            </p>

                            <p class="pricePerMeasure">£4.00<abbr
                                    title="per">/</abbr><abbr
                                    title="litres"><span class="pricePerMeasureMeasure">ltr</span></abbr>
                            </p>

                        </div>


                        <div class="addToTrolleyForm ">

                            <form class="addToTrolleyForm" name="OrderItemAddForm_82705" action="OrderItemAdd" method="post" id="OrderItemAddForm_82705" class="addToTrolleyForm">
                                <input type="hidden" name="storeId" value="10151"/>
                                <input type="hidden" name="langId" value="44"/>
                                <input type="hidden" name="catalogId" value="10122"/>
                                <input type="hidden" name="URL" value="http://www.sainsburys.co.uk/webapp/wcs/stores/servlet//CategoryDisplay?pageSize=30&amp;catalogId=10122&amp;level=2&amp;top_category=12192&amp;parent_category_rn=12192&amp;langId=44&amp;categoryId=12257&amp;beginIndex=0&amp;storeId=10151"/>
                                <input type="hidden" name="errorViewName" value="CategoryDisplayView"/>
                                <input type="hidden" name="SKU_ID" value="3217719"/>

                                <label class="access" for="quantity_82704">Quantity</label>

                                <input name="quantity" id="quantity_82704" type="text" size="3" value="1" class="quantity"   />


                                <input type="hidden" name="catEntryId" value="82705"/>
                                <input type="hidden" name="productId" value="82704"/>

                                <input type="hidden" name="page" value=""/>
                                <input type="hidden" name="contractId" value=""/>
                                <input type="hidden" name="calculateOrder" value="1"/>
                                <input type="hidden" name="calculationUsage" value="-1,-2,-3"/>
                                <input type="hidden" name="updateable" value="1"/>
                                <input type="hidden" name="merge" value="***"/>

                                <input type="hidden" name="callAjax" value="false"/>

                                <input class="button process" type="submit" name="Add" value="Add" />

                            </form>

                            <div class="numberInTrolley hidden numberInTrolley_82705" id="numberInTrolley_82705">

                            </div>

                        </div>

                        <!-- BEGIN CatalogEntryRatingsReviewsInfo.jspf --><!-- productAllowedRatingsAndReviews: true -->
                        <div class="reviews">

                            <a class="numberOfReviews" href="http://www.sainsburys.co.uk/shop/gb/groceries/ale-stout/adnams-broadside-ale-500ml#reviews" >
                                <img src="http://c2.sainsburys.co.uk/wcsstore7.11.1.161/SainsburysStorefrontAssetStore/img/stars/rating-5_0.gif" alt="5.0" border="0"/>&nbsp;
                                Reviews (1)
                            </a>

                        </div>
                        <!-- END CatalogEntryRatingsReviewsInfo.jspf -->
                    </div>
                    <!-- Start AddToSubscriptionList.jspf --><!-- Start AddToSubscriptionList.jsp --><!-- End AddToSubscriptionList.jsp --><!-- End AddToSubscriptionList.jspf -->
                </div>


            </div>
        </div>
        <!-- END CatalogEntryThumbnailDisplay.jsp -->
</li>


<li class="gridItem">
    <!-- BEGIN CatalogEntryThumbnailDisplay.jsp --><!-- BEGIN MerchandisingAssociationsDisplay.jsp --><!-- Start - JSP File Name:  MerchandisingAssociationsDisplay.jsp --><!-- END MerchandisingAssociationsDisplay.jsp -->
    <div class="product  highlighted specialOffer">

        <div class="productInfo">
            <div class="productNameAndPromotions">

                <h3>
                    <a href="http://www.sainsburys.co.uk/shop/gb/groceries/ale-stout/adnams-southwold-bitter-500ml-%2845%25-abv%29" >
                        Adnams Southwold Bitter 500ml (4.5% Abv)
                        <img src="http://c2.sainsburys.co.uk/wcsstore7.11.1.161/ExtendedSitesCatalogAssetStore/images/catalog/productImages/15/5016878000115/5016878000115_L.jpeg" alt="" />
                    </a>
                </h3>

                <div class="promotion">

                    <p><a href="http://www.sainsburys.co.uk/webapp/wcs/stores/servlet/PromotionDisplayView?catalogId=10122&amp;langId=44&amp;productId=89818&amp;storeId=10151&amp;promotionId=10156241">Buy any 3 for £5.00</a></p>

                </div>

            </div>
        </div>

        <div class="strapline"><a href="http://www.sainsburys.co.uk/webapp/wcs/stores/servlet/PromotionDisplayView?catalogId=10122&amp;langId=44&amp;productId=89818&amp;storeId=10151&amp;promotionId=10156241"><img src="/wcsstore7.11.1.161/SainsburysStorefrontAssetStore/wcassets/icons/special/img-special-offer.png" alt="Special Offer" /></a></div>

        <div class="errorBanner hidden" id="error89819"></div>
        <div class="addToTrolleytabBox">
            <!--addToTrolleytabBox GRID VIEW --><!-- Start UserSubscribedOrNot.jspf --><!-- Start UserSubscribedOrNot.jsp --><!--
			If the user is not logged in, render this opening
			DIV adding an addtional class to fix the border top which is removed
			and replaced by the tabs
		-->
            <div class="addToTrolleytabContainer addItemBorderTop">
                <!-- End AddToSubscriptionList.jsp --><!-- End AddSubscriptionList.jspf --><!--
                    ATTENTION!!!
                    <div class="addToTrolleytabContainer">
                    This opening div is inside "../../ReusableObjects/UserSubscribedOrNot.jsp"
                    -->
                <div class="pricingAndTrolleyOptions">

                    <div class="priceTab priceTabContainer activeContainer addItem" id="addItem_89819">
                        <div class="pricing">

                            <p class="pricePerUnit">
                                £2.00<abbr title="per">/</abbr><abbr title="unit"><span class="pricePerUnitUnit">unit</span></abbr>
                            </p>

                            <p class="pricePerMeasure">£4.00<abbr
                                    title="per">/</abbr><abbr
                                    title="litres"><span class="pricePerMeasureMeasure">ltr</span></abbr>
                            </p>

                        </div>


                        <div class="addToTrolleyForm ">

                            <form class="addToTrolleyForm" name="OrderItemAddForm_89819" action="OrderItemAdd" method="post" id="OrderItemAddForm_89819" class="addToTrolleyForm">
                                <input type="hidden" name="storeId" value="10151"/>
                                <input type="hidden" name="langId" value="44"/>
                                <input type="hidden" name="catalogId" value="10122"/>
                                <input type="hidden" name="URL" value="http://www.sainsburys.co.uk/webapp/wcs/stores/servlet//CategoryDisplay?pageSize=30&amp;catalogId=10122&amp;level=2&amp;top_category=12192&amp;parent_category_rn=12192&amp;langId=44&amp;categoryId=12257&amp;beginIndex=0&amp;storeId=10151"/>
                                <input type="hidden" name="errorViewName" value="CategoryDisplayView"/>
                                <input type="hidden" name="SKU_ID" value="6415915"/>

                                <label class="access" for="quantity_89818">Quantity</label>

                                <input name="quantity" id="quantity_89818" type="text" size="3" value="1" class="quantity"   />


                                <input type="hidden" name="catEntryId" value="89819"/>
                                <input type="hidden" name="productId" value="89818"/>

                                <input type="hidden" name="page" value=""/>
                                <input type="hidden" name="contractId" value=""/>
                                <input type="hidden" name="calculateOrder" value="1"/>
                                <input type="hidden" name="calculationUsage" value="-1,-2,-3"/>
                                <input type="hidden" name="updateable" value="1"/>
                                <input type="hidden" name="merge" value="***"/>

                                <input type="hidden" name="callAjax" value="false"/>

                                <input class="button process" type="submit" name="Add" value="Add" />

                            </form>

                            <div class="numberInTrolley hidden numberInTrolley_89819" id="numberInTrolley_89819">

                            </div>

                        </div>

                        <!-- BEGIN CatalogEntryRatingsReviewsInfo.jspf --><!-- productAllowedRatingsAndReviews: true -->
                        <div class="reviews">

                            <a class="numberOfReviews repressive" href="http://reviews.sainsburys.co.uk//8076-en_gb/6415915-P/writereview.htm?submissionurl=http%3A%2F%2Fwww.sainsburys.co.uk%2Fwebapp%2Fwcs%2Fstores%2Fservlet%2FBVReviewSubmitDisplay%3FcatalogId%3D10122%26storeId%3D10151%26recipe%3D%26langId%3D44%26productId%3D6415915-P&return=http%3A%2F%2Fwww.sainsburys.co.uk%2Fwebapp%2Fwcs%2Fstores%2Fservlet%2FCategoryDisplay%3Fmsg%3D%26langId%3D44%26storeId%3D10151%26krypto%3DRgLt17%252FIKZm6RNx3msOriDLb7Ap0aElQ14V%252BUhL%252FfOoO9c7n1Tnln8O3dF07eV75haCK87Axxf2w%250ALw053TycI16%252Fl33QddDG5Xd5lTq8r2SR8k6k9ksDo0lF8fzUvekX%26ddkey%3Dhttp%3Agb%2Fgroceries%2Fdrinks%2Fale-stout" >
                                Write a review
                            </a>

                        </div>
                        <!-- END CatalogEntryRatingsReviewsInfo.jspf -->
                    </div>
                    <!-- Start AddToSubscriptionList.jspf --><!-- Start AddToSubscriptionList.jsp --><!-- End AddToSubscriptionList.jsp --><!-- End AddToSubscriptionList.jspf -->
                </div>


            </div>
        </div>
        <!-- END CatalogEntryThumbnailDisplay.jsp -->
</li>


<li class="gridItem">
    <!-- BEGIN CatalogEntryThumbnailDisplay.jsp --><!-- BEGIN MerchandisingAssociationsDisplay.jsp --><!-- Start - JSP File Name:  MerchandisingAssociationsDisplay.jsp --><!-- END MerchandisingAssociationsDisplay.jsp -->
    <div class="product  highlighted specialOffer">

        <div class="productInfo">
            <div class="productNameAndPromotions">

                <h3>
                    <a href="http://www.sainsburys.co.uk/shop/gb/groceries/ale-stout/adnams-spindrift-330ml" >
                        Adnams Spindrift 330ml
                        <img src="http://c2.sainsburys.co.uk/wcsstore7.11.1.161/ExtendedSitesCatalogAssetStore/images/catalog/productImages/52/5016878010152/5016878010152_L.jpeg" alt="" />
                    </a>
                </h3>

                <div class="promotion">

                    <p><a href="http://www.sainsburys.co.uk/webapp/wcs/stores/servlet/PromotionDisplayView?catalogId=10122&amp;langId=44&amp;productId=99422&amp;storeId=10151&amp;promotionId=10155866">Buy any 2 for £3.00</a></p>

                </div>

            </div>
        </div>

        <div class="strapline"><a href="http://www.sainsburys.co.uk/webapp/wcs/stores/servlet/PromotionDisplayView?catalogId=10122&amp;langId=44&amp;productId=99422&amp;storeId=10151&amp;promotionId=10155866"><img src="/wcsstore7.11.1.161/SainsburysStorefrontAssetStore/wcassets/icons/special/img-special-offer.png" alt="Special Offer" /></a></div>

        <div class="errorBanner hidden" id="error99423"></div>
        <div class="addToTrolleytabBox">
            <!--addToTrolleytabBox GRID VIEW --><!-- Start UserSubscribedOrNot.jspf --><!-- Start UserSubscribedOrNot.jsp --><!--
			If the user is not logged in, render this opening
			DIV adding an addtional class to fix the border top which is removed
			and replaced by the tabs
		-->
            <div class="addToTrolleytabContainer addItemBorderTop">
                <!-- End AddToSubscriptionList.jsp --><!-- End AddSubscriptionList.jspf --><!--
                    ATTENTION!!!
                    <div class="addToTrolleytabContainer">
                    This opening div is inside "../../ReusableObjects/UserSubscribedOrNot.jsp"
                    -->
                <div class="pricingAndTrolleyOptions">

                    <div class="priceTab priceTabContainer activeContainer addItem" id="addItem_99423">
                        <div class="pricing">

                            <p class="pricePerUnit">
                                £1.75<abbr title="per">/</abbr><abbr title="unit"><span class="pricePerUnitUnit">unit</span></abbr>
                            </p>

                            <p class="pricePerMeasure">£5.30<abbr
                                    title="per">/</abbr><abbr
                                    title="litres"><span class="pricePerMeasureMeasure">ltr</span></abbr>
                            </p>

                        </div>


                        <div class="addToTrolleyForm ">

                            <form class="addToTrolleyForm" name="OrderItemAddForm_99423" action="OrderItemAdd" method="post" id="OrderItemAddForm_99423" class="addToTrolleyForm">
                                <input type="hidden" name="storeId" value="10151"/>
                                <input type="hidden" name="langId" value="44"/>
                                <input type="hidden" name="catalogId" value="10122"/>
                                <input type="hidden" name="URL" value="http://www.sainsburys.co.uk/webapp/wcs/stores/servlet//CategoryDisplay?pageSize=30&amp;catalogId=10122&amp;level=2&amp;top_category=12192&amp;parent_category_rn=12192&amp;langId=44&amp;categoryId=12257&amp;beginIndex=0&amp;storeId=10151"/>
                                <input type="hidden" name="errorViewName" value="CategoryDisplayView"/>
                                <input type="hidden" name="SKU_ID" value="7452260"/>

                                <label class="access" for="quantity_99422">Quantity</label>

                                <input name="quantity" id="quantity_99422" type="text" size="3" value="1" class="quantity"   />


                                <input type="hidden" name="catEntryId" value="99423"/>
                                <input type="hidden" name="productId" value="99422"/>

                                <input type="hidden" name="page" value=""/>
                                <input type="hidden" name="contractId" value=""/>
                                <input type="hidden" name="calculateOrder" value="1"/>
                                <input type="hidden" name="calculationUsage" value="-1,-2,-3"/>
                                <input type="hidden" name="updateable" value="1"/>
                                <input type="hidden" name="merge" value="***"/>

                                <input type="hidden" name="callAjax" value="false"/>

                                <input class="button process" type="submit" name="Add" value="Add" />

                            </form>

                            <div class="numberInTrolley hidden numberInTrolley_99423" id="numberInTrolley_99423">

                            </div>

                        </div>

                        <!-- BEGIN CatalogEntryRatingsReviewsInfo.jspf --><!-- productAllowedRatingsAndReviews: true -->
                        <div class="reviews">

                            <a class="numberOfReviews repressive" href="http://reviews.sainsburys.co.uk//8076-en_gb/7452260-P/writereview.htm?submissionurl=http%3A%2F%2Fwww.sainsburys.co.uk%2Fwebapp%2Fwcs%2Fstores%2Fservlet%2FBVReviewSubmitDisplay%3FcatalogId%3D10122%26storeId%3D10151%26recipe%3D%26langId%3D44%26productId%3D7452260-P&return=http%3A%2F%2Fwww.sainsburys.co.uk%2Fwebapp%2Fwcs%2Fstores%2Fservlet%2FCategoryDisplay%3Fmsg%3D%26langId%3D44%26storeId%3D10151%26krypto%3DRgLt17%252FIKZm6RNx3msOriDLb7Ap0aElQ14V%252BUhL%252FfOoO9c7n1Tnln8O3dF07eV75haCK87Axxf2w%250ALw053TycI16%252Fl33QddDG5Xd5lTq8r2SR8k6k9ksDo0lF8fzUvekX%26ddkey%3Dhttp%3Agb%2Fgroceries%2Fdrinks%2Fale-stout" >
                                Write a review
                            </a>

                        </div>
                        <!-- END CatalogEntryRatingsReviewsInfo.jspf -->
                    </div>
                    <!-- Start AddToSubscriptionList.jspf --><!-- Start AddToSubscriptionList.jsp --><!-- End AddToSubscriptionList.jsp --><!-- End AddToSubscriptionList.jspf -->
                </div>


            </div>
        </div>
        <!-- END CatalogEntryThumbnailDisplay.jsp -->
</li>


<li class="gridItem">
    <!-- BEGIN CatalogEntryThumbnailDisplay.jsp --><!-- BEGIN MerchandisingAssociationsDisplay.jsp --><!-- Start - JSP File Name:  MerchandisingAssociationsDisplay.jsp --><!-- END MerchandisingAssociationsDisplay.jsp -->
    <div class="product ">

        <div class="productInfo">
            <div class="productNameAndPromotions">

                <h3>
                    <a href="http://www.sainsburys.co.uk/shop/gb/groceries/ale-stout/bacchus-framboise-375ml" >
                        Bacchus Framboise Raspberry Beer 375ml
                        <img src="http://c2.sainsburys.co.uk/wcsstore7.11.1.161/ExtendedSitesCatalogAssetStore/images/catalog/productImages/16/5411081004316/5411081004316_L.jpeg" alt="" />
                    </a>
                </h3>

            </div>
        </div>

        <div class="errorBanner hidden" id="error92579"></div>
        <div class="addToTrolleytabBox">
            <!--addToTrolleytabBox GRID VIEW --><!-- Start UserSubscribedOrNot.jspf --><!-- Start UserSubscribedOrNot.jsp --><!--
			If the user is not logged in, render this opening
			DIV adding an addtional class to fix the border top which is removed
			and replaced by the tabs
		-->
            <div class="addToTrolleytabContainer addItemBorderTop">
                <!-- End AddToSubscriptionList.jsp --><!-- End AddSubscriptionList.jspf --><!--
                    ATTENTION!!!
                    <div class="addToTrolleytabContainer">
                    This opening div is inside "../../ReusableObjects/UserSubscribedOrNot.jsp"
                    -->
                <div class="pricingAndTrolleyOptions">

                    <div class="priceTab priceTabContainer activeContainer addItem" id="addItem_92579">
                        <div class="pricing">

                            <p class="pricePerUnit">
                                £2.50<abbr title="per">/</abbr><abbr title="unit"><span class="pricePerUnitUnit">unit</span></abbr>
                            </p>

                            <p class="pricePerMeasure">£6.67<abbr
                                    title="per">/</abbr><abbr
                                    title="litres"><span class="pricePerMeasureMeasure">ltr</span></abbr>
                            </p>

                        </div>


                        <div class="addToTrolleyForm ">

                            <form class="addToTrolleyForm" name="OrderItemAddForm_92579" action="OrderItemAdd" method="post" id="OrderItemAddForm_92579" class="addToTrolleyForm">
                                <input type="hidden" name="storeId" value="10151"/>
                                <input type="hidden" name="langId" value="44"/>
                                <input type="hidden" name="catalogId" value="10122"/>
                                <input type="hidden" name="URL" value="http://www.sainsburys.co.uk/webapp/wcs/stores/servlet//CategoryDisplay?pageSize=30&amp;catalogId=10122&amp;level=2&amp;top_category=12192&amp;parent_category_rn=12192&amp;langId=44&amp;categoryId=12257&amp;beginIndex=0&amp;storeId=10151"/>
                                <input type="hidden" name="errorViewName" value="CategoryDisplayView"/>
                                <input type="hidden" name="SKU_ID" value="6730528"/>

                                <label class="access" for="quantity_92578">Quantity</label>

                                <input name="quantity" id="quantity_92578" type="text" size="3" value="1" class="quantity"   />


                                <input type="hidden" name="catEntryId" value="92579"/>
                                <input type="hidden" name="productId" value="92578"/>

                                <input type="hidden" name="page" value=""/>
                                <input type="hidden" name="contractId" value=""/>
                                <input type="hidden" name="calculateOrder" value="1"/>
                                <input type="hidden" name="calculationUsage" value="-1,-2,-3"/>
                                <input type="hidden" name="updateable" value="1"/>
                                <input type="hidden" name="merge" value="***"/>

                                <input type="hidden" name="callAjax" value="false"/>

                                <input class="button process" type="submit" name="Add" value="Add" />

                            </form>

                            <div class="numberInTrolley hidden numberInTrolley_92579" id="numberInTrolley_92579">

                            </div>

                        </div>

                        <!-- BEGIN CatalogEntryRatingsReviewsInfo.jspf --><!-- productAllowedRatingsAndReviews: true -->
                        <div class="reviews">

                            <a class="numberOfReviews" href="http://www.sainsburys.co.uk/shop/gb/groceries/ale-stout/bacchus-framboise-375ml#reviews" >
                                <img src="http://c2.sainsburys.co.uk/wcsstore7.11.1.161/SainsburysStorefrontAssetStore/img/stars/rating-5_0.gif" alt="5.0" border="0"/>&nbsp;
                                Reviews (3)
                            </a>

                        </div>
                        <!-- END CatalogEntryRatingsReviewsInfo.jspf -->
                    </div>
                    <!-- Start AddToSubscriptionList.jspf --><!-- Start AddToSubscriptionList.jsp --><!-- End AddToSubscriptionList.jsp --><!-- End AddToSubscriptionList.jspf -->
                </div>


            </div>
        </div>
        <!-- END CatalogEntryThumbnailDisplay.jsp -->
</li>


<li class="gridItem">
    <!-- BEGIN CatalogEntryThumbnailDisplay.jsp --><!-- BEGIN MerchandisingAssociationsDisplay.jsp --><!-- Start - JSP File Name:  MerchandisingAssociationsDisplay.jsp --><!-- END MerchandisingAssociationsDisplay.jsp -->
    <div class="product  highlighted specialOffer">

        <div class="productInfo">
            <div class="productNameAndPromotions">

                <h3>
                    <a href="http://www.sainsburys.co.uk/shop/gb/groceries/ale-stout/badger-blandford-flyer-ale-500ml" >
                        Badger Blandford Flyer Ale 500ml
                        <img src="http://c2.sainsburys.co.uk/wcsstore7.11.1.161/ExtendedSitesCatalogAssetStore/images/catalog/productImages/65/5010548003765/5010548003765_L.jpeg" alt="" />
                    </a>
                </h3>

                <div class="promotion">

                    <p><a href="http://www.sainsburys.co.uk/webapp/wcs/stores/servlet/PromotionDisplayView?catalogId=10122&amp;amp;langId=44&amp;productId=83206&amp;storeId=10151&amp;promotionId=10156241">Buy any 3 for £5.00</a></p>

                </div>

            </div>
        </div>

        <div class="strapline"><a href="http://www.sainsburys.co.uk/webapp/wcs/stores/servlet/PromotionDisplayView?catalogId=10122&amp;langId=44&amp;productId=83206&amp;storeId=10151&amp;promotionId=10156241"><img src="/wcsstore7.11.1.161/SainsburysStorefrontAssetStore/wcassets/icons/special/img-special-offer.png" alt="Special Offer" /></a></div>

        <div class="errorBanner hidden" id="error83207"></div>
        <div class="addToTrolleytabBox">
            <!--addToTrolleytabBox GRID VIEW --><!-- Start UserSubscribedOrNot.jspf --><!-- Start UserSubscribedOrNot.jsp --><!--
			If the user is not logged in, render this opening
			DIV adding an addtional class to fix the border top which is removed
			and replaced by the tabs
		-->
            <div class="addToTrolleytabContainer addItemBorderTop">
                <!-- End AddToSubscriptionList.jsp --><!-- End AddSubscriptionList.jspf --><!--
                    ATTENTION!!!
                    <div class="addToTrolleytabContainer">
                    This opening div is inside "../../ReusableObjects/UserSubscribedOrNot.jsp"
                    -->
                <div class="pricingAndTrolleyOptions">

                    <div class="priceTab priceTabContainer activeContainer addItem" id="addItem_83207">
                        <div class="pricing">

                            <p class="pricePerUnit">
                                £2.00<abbr title="per">/</abbr><abbr title="unit"><span class="pricePerUnitUnit">unit</span></abbr>
                            </p>

                            <p class="pricePerMeasure">£4.00<abbr
                                    title="per">/</abbr><abbr
                                    title="litres"><span class="pricePerMeasureMeasure">ltr</span></abbr>
                            </p>

                        </div>


                        <div class="addToTrolleyForm ">

                            <form class="addToTrolleyForm" name="OrderItemAddForm_83207" action="OrderItemAdd" method="post" id="OrderItemAddForm_83207" class="addToTrolleyForm">
                                <input type="hidden" name="storeId" value="10151"/>
                                <input type="hidden" name="langId" value="44"/>
                                <input type="hidden" name="catalogId" value="10122"/>
                                <input type="hidden" name="URL" value="http://www.sainsburys.co.uk/webapp/wcs/stores/servlet//CategoryDisplay?pageSize=30&amp;catalogId=10122&amp;level=2&amp;top_category=12192&amp;parent_category_rn=12192&amp;langId=44&amp;categoryId=12257&amp;beginIndex=0&amp;storeId=10151"/>
                                <input type="hidden" name="errorViewName" value="CategoryDisplayView"/>
                                <input type="hidden" name="SKU_ID" value="3422533"/>

                                <label class="access" for="quantity_83206">Quantity</label>

                                <input name="quantity" id="quantity_83206" type="text" size="3" value="1" class="quantity"   />


                                <input type="hidden" name="catEntryId" value="83207"/>
                                <input type="hidden" name="productId" value="83206"/>

                                <input type="hidden" name="page" value=""/>
                                <input type="hidden" name="contractId" value=""/>
                                <input type="hidden" name="calculateOrder" value="1"/>
                                <input type="hidden" name="calculationUsage" value="-1,-2,-3"/>
                                <input type="hidden" name="updateable" value="1"/>
                                <input type="hidden" name="merge" value="***"/>

                                <input type="hidden" name="callAjax" value="false"/>

                                <input class="button process" type="submit" name="Add" value="Add" />

                            </form>

                            <div class="numberInTrolley hidden numberInTrolley_83207" id="numberInTrolley_83207">

                            </div>

                        </div>

                        <!-- BEGIN CatalogEntryRatingsReviewsInfo.jspf --><!-- productAllowedRatingsAndReviews: true -->
                        <div class="reviews">

                            <a class="numberOfReviews" href="http://www.sainsburys.co.uk/shop/gb/groceries/ale-stout/badger-blandford-flyer-ale-500ml#reviews" >
                                <img src="http://c2.sainsburys.co.uk/wcsstore7.11.1.161/SainsburysStorefrontAssetStore/img/stars/rating-5_0.gif" alt="5.0" border="0"/>&nbsp;
                                Reviews (1)
                            </a>

                        </div>
                        <!-- END CatalogEntryRatingsReviewsInfo.jspf -->
                    </div>
                    <!-- Start AddToSubscriptionList.jspf --><!-- Start AddToSubscriptionList.jsp --><!-- End AddToSubscriptionList.jsp --><!-- End AddToSubscriptionList.jspf -->
                </div>


            </div>
        </div>
        <!-- END CatalogEntryThumbnailDisplay.jsp -->
</li>


<li class="gridItem">
    <!-- BEGIN CatalogEntryThumbnailDisplay.jsp --><!-- BEGIN MerchandisingAssociationsDisplay.jsp --><!-- Start - JSP File Name:  MerchandisingAssociationsDisplay.jsp --><!-- END MerchandisingAssociationsDisplay.jsp -->
    <div class="product  highlighted specialOffer">

        <div class="productInfo">
            <div class="productNameAndPromotions">

                <h3>
                    <a href="http://www.sainsburys.co.uk/shop/gb/groceries/ale-stout/badger-first-call-500ml-%2840%25-abv%29" >
                        Badger First Call 500ml (4% Abv)
                        <img src="http://c2.sainsburys.co.uk/wcsstore7.11.1.161/ExtendedSitesCatalogAssetStore/images/catalog/productImages/39/5010548002539/5010548002539_L.jpeg" alt="" />
                    </a>
                </h3>

                <div class="promotion">

                    <p><a href="http://www.sainsburys.co.uk/webapp/wcs/stores/servlet/PromotionDisplayView?catalogId=10122&amp;langId=44&amp;productId=89580&amp;storeId=10151&amp;promotionId=10156241">Buy any 3 for £5.00</a></p>

                </div>

            </div>
        </div>

        <div class="strapline"><a href="http://www.sainsburys.co.uk/webapp/wcs/stores/servlet/PromotionDisplayView?catalogId=10122&amp;langId=44&amp;productId=89580&amp;storeId=10151&amp;promotionId=10156241"><img src="/wcsstore7.11.1.161/SainsburysStorefrontAssetStore/wcassets/icons/special/img-special-offer.png" alt="Special Offer" /></a></div>

        <div class="errorBanner hidden" id="error89581"></div>
        <div class="addToTrolleytabBox">
            <!--addToTrolleytabBox GRID VIEW --><!-- Start UserSubscribedOrNot.jspf --><!-- Start UserSubscribedOrNot.jsp --><!--
			If the user is not logged in, render this opening
			DIV adding an addtional class to fix the border top which is removed
			and replaced by the tabs
		-->
            <div class="addToTrolleytabContainer addItemBorderTop">
                <!-- End AddToSubscriptionList.jsp --><!-- End AddSubscriptionList.jspf --><!--
                    ATTENTION!!!
                    <div class="addToTrolleytabContainer">
                    This opening div is inside "../../ReusableObjects/UserSubscribedOrNot.jsp"
                    -->
                <div class="pricingAndTrolleyOptions">

                    <div class="priceTab priceTabContainer activeContainer addItem" id="addItem_89581">
                        <div class="pricing">

                            <p class="pricePerUnit">
                                £2.00<abbr title="per">/</abbr><abbr title="unit"><span class="pricePerUnitUnit">unit</span></abbr>
                            </p>

                            <p class="pricePerMeasure">£4.00<abbr
                                    title="per">/</abbr><abbr
                                    title="litres"><span class="pricePerMeasureMeasure">ltr</span></abbr>
                            </p>

                        </div>


                        <div class="addToTrolleyForm ">

                            <form class="addToTrolleyForm" name="OrderItemAddForm_89581" action="OrderItemAdd" method="post" id="OrderItemAddForm_89581" class="addToTrolleyForm">
                                <input type="hidden" name="storeId" value="10151"/>
                                <input type="hidden" name="langId" value="44"/>
                                <input type="hidden" name="catalogId" value="10122"/>
                                <input type="hidden" name="URL" value="http://www.sainsburys.co.uk/webapp/wcs/stores/servlet//CategoryDisplay?pageSize=30&amp;catalogId=10122&amp;level=2&amp;top_category=12192&amp;parent_category_rn=12192&amp;langId=44&amp;categoryId=12257&amp;beginIndex=0&amp;storeId=10151"/>
                                <input type="hidden" name="errorViewName" value="CategoryDisplayView"/>
                                <input type="hidden" name="SKU_ID" value="6406742"/>

                                <label class="access" for="quantity_89580">Quantity</label>

                                <input name="quantity" id="quantity_89580" type="text" size="3" value="1" class="quantity"   />


                                <input type="hidden" name="catEntryId" value="89581"/>
                                <input type="hidden" name="productId" value="89580"/>

                                <input type="hidden" name="page" value=""/>
                                <input type="hidden" name="contractId" value=""/>
                                <input type="hidden" name="calculateOrder" value="1"/>
                                <input type="hidden" name="calculationUsage" value="-1,-2,-3"/>
                                <input type="hidden" name="updateable" value="1"/>
                                <input type="hidden" name="merge" value="***"/>

                                <input type="hidden" name="callAjax" value="false"/>

                                <input class="button process" type="submit" name="Add" value="Add" />

                            </form>

                            <div class="numberInTrolley hidden numberInTrolley_89581" id="numberInTrolley_89581">

                            </div>

                        </div>

                        <!-- BEGIN CatalogEntryRatingsReviewsInfo.jspf --><!-- productAllowedRatingsAndReviews: true -->
                        <div class="reviews">

                            <a class="numberOfReviews repressive" href="http://reviews.sainsburys.co.uk//8076-en_gb/6406742-P/writereview.htm?submissionurl=http%3A%2F%2Fwww.sainsburys.co.uk%2Fwebapp%2Fwcs%2Fstores%2Fservlet%2FBVReviewSubmitDisplay%3FcatalogId%3D10122%26storeId%3D10151%26recipe%3D%26langId%3D44%26productId%3D6406742-P&return=http%3A%2F%2Fwww.sainsburys.co.uk%2Fwebapp%2Fwcs%2Fstores%2Fservlet%2FCategoryDisplay%3Fmsg%3D%26langId%3D44%26storeId%3D10151%26krypto%3DRgLt17%252FIKZm6RNx3msOriDLb7Ap0aElQ14V%252BUhL%252FfOoO9c7n1Tnln8O3dF07eV75haCK87Axxf2w%250ALw053TycI16%252Fl33QddDG5Xd5lTq8r2SR8k6k9ksDo0lF8fzUvekX%26ddkey%3Dhttp%3Agb%2Fgroceries%2Fdrinks%2Fale-stout" >
                                Write a review
                            </a>

                        </div>
                        <!-- END CatalogEntryRatingsReviewsInfo.jspf -->
                    </div>
                    <!-- Start AddToSubscriptionList.jspf --><!-- Start AddToSubscriptionList.jsp --><!-- End AddToSubscriptionList.jsp --><!-- End AddToSubscriptionList.jspf -->
                </div>


            </div>
        </div>
        <!-- END CatalogEntryThumbnailDisplay.jsp -->
</li>


<li class="gridItem">
    <!-- BEGIN CatalogEntryThumbnailDisplay.jsp --><!-- BEGIN MerchandisingAssociationsDisplay.jsp --><!-- Start - JSP File Name:  MerchandisingAssociationsDisplay.jsp --><!-- END MerchandisingAssociationsDisplay.jsp -->
    <div class="product  highlighted specialOffer">

        <div class="productInfo">
            <div class="productNameAndPromotions">

                <h3>
                    <a href="http://www.sainsburys.co.uk/shop/gb/groceries/ale-stout/badger-fursty-ferret-500ml-%2844%25%29" >
                        Badger Fursty Ferret 500ml (4.4%)
                        <img src="http://c2.sainsburys.co.uk/wcsstore7.11.1.161/ExtendedSitesCatalogAssetStore/images/catalog/productImages/71/5010548002171/5010548002171_L.jpeg" alt="" />
                    </a>
                </h3>

                <div class="promotion">

                    <p><a href="http://www.sainsburys.co.uk/webapp/wcs/stores/servlet/PromotionDisplayView?catalogId=10122&amp;langId=44&amp;productId=90588&amp;storeId=10151&amp;promotionId=10156241">Buy any 3 for £5.00</a></p>

                </div>

            </div>
        </div>

        <div class="strapline"><a href="http://www.sainsburys.co.uk/webapp/wcs/stores/servlet/PromotionDisplayView?catalogId=10122&amp;langId=44&amp;productId=90588&amp;storeId=10151&amp;promotionId=10156241"><img src="/wcsstore7.11.1.161/SainsburysStorefrontAssetStore/wcassets/icons/special/img-special-offer.png" alt="Special Offer" /></a></div>

        <div class="errorBanner hidden" id="error90589"></div>
        <div class="addToTrolleytabBox">
            <!--addToTrolleytabBox GRID VIEW --><!-- Start UserSubscribedOrNot.jspf --><!-- Start UserSubscribedOrNot.jsp --><!--
			If the user is not logged in, render this opening
			DIV adding an addtional class to fix the border top which is removed
			and replaced by the tabs
		-->
            <div class="addToTrolleytabContainer addItemBorderTop">
                <!-- End AddToSubscriptionList.jsp --><!-- End AddSubscriptionList.jspf --><!--
                    ATTENTION!!!
                    <div class="addToTrolleytabContainer">
                    This opening div is inside "../../ReusableObjects/UserSubscribedOrNot.jsp"
                    -->
                <div class="pricingAndTrolleyOptions">

                    <div class="priceTab priceTabContainer activeContainer addItem" id="addItem_90589">
                        <div class="pricing">

                            <p class="pricePerUnit">
                                £2.00<abbr title="per">/</abbr><abbr title="unit"><span class="pricePerUnitUnit">unit</span></abbr>
                            </p>

                            <p class="pricePerMeasure">£4.00<abbr
                                    title="per">/</abbr><abbr
                                    title="litres"><span class="pricePerMeasureMeasure">ltr</span></abbr>
                            </p>

                        </div>


                        <div class="addToTrolleyForm ">

                            <form class="addToTrolleyForm" name="OrderItemAddForm_90589" action="OrderItemAdd" method="post" id="OrderItemAddForm_90589" class="addToTrolleyForm">
                                <input type="hidden" name="storeId" value="10151"/>
                                <input type="hidden" name="langId" value="44"/>
                                <input type="hidden" name="catalogId" value="10122"/>
                                <input type="hidden" name="URL" value="http://www.sainsburys.co.uk/webapp/wcs/stores/servlet//CategoryDisplay?pageSize=30&amp;catalogId=10122&amp;level=2&amp;top_category=12192&amp;parent_category_rn=12192&amp;langId=44&amp;categoryId=12257&amp;beginIndex=0&amp;storeId=10151"/>
                                <input type="hidden" name="errorViewName" value="CategoryDisplayView"/>
                                <input type="hidden" name="SKU_ID" value="6515515"/>

                                <label class="access" for="quantity_90588">Quantity</label>

                                <input name="quantity" id="quantity_90588" type="text" size="3" value="1" class="quantity"   />


                                <input type="hidden" name="catEntryId" value="90589"/>
                                <input type="hidden" name="productId" value="90588"/>

                                <input type="hidden" name="page" value=""/>
                                <input type="hidden" name="contractId" value=""/>
                                <input type="hidden" name="calculateOrder" value="1"/>
                                <input type="hidden" name="calculationUsage" value="-1,-2,-3"/>
                                <input type="hidden" name="updateable" value="1"/>
                                <input type="hidden" name="merge" value="***"/>

                                <input type="hidden" name="callAjax" value="false"/>

                                <input class="button process" type="submit" name="Add" value="Add" />

                            </form>

                            <div class="numberInTrolley hidden numberInTrolley_90589" id="numberInTrolley_90589">

                            </div>

                        </div>

                        <!-- BEGIN CatalogEntryRatingsReviewsInfo.jspf --><!-- productAllowedRatingsAndReviews: true -->
                        <div class="reviews">

                            <a class="numberOfReviews repressive" href="http://reviews.sainsburys.co.uk//8076-en_gb/6515515-P/writereview.htm?submissionurl=http%3A%2F%2Fwww.sainsburys.co.uk%2Fwebapp%2Fwcs%2Fstores%2Fservlet%2FBVReviewSubmitDisplay%3FcatalogId%3D10122%26storeId%3D10151%26recipe%3D%26langId%3D44%26productId%3D6515515-P&return=http%3A%2F%2Fwww.sainsburys.co.uk%2Fwebapp%2Fwcs%2Fstores%2Fservlet%2FCategoryDisplay%3Fmsg%3D%26langId%3D44%26storeId%3D10151%26krypto%3DRgLt17%252FIKZm6RNx3msOriDLb7Ap0aElQ14V%252BUhL%252FfOoO9c7n1Tnln8O3dF07eV75haCK87Axxf2w%250ALw053TycI16%252Fl33QddDG5Xd5lTq8r2SR8k6k9ksDo0lF8fzUvekX%26ddkey%3Dhttp%3Agb%2Fgroceries%2Fdrinks%2Fale-stout" >
                                Write a review
                            </a>

                        </div>
                        <!-- END CatalogEntryRatingsReviewsInfo.jspf -->
                    </div>
                    <!-- Start AddToSubscriptionList.jspf --><!-- Start AddToSubscriptionList.jsp --><!-- End AddToSubscriptionList.jsp --><!-- End AddToSubscriptionList.jspf -->
                </div>


            </div>
        </div>
        <!-- END CatalogEntryThumbnailDisplay.jsp -->
</li>


<li class="gridItem">
    <!-- BEGIN CatalogEntryThumbnailDisplay.jsp --><!-- BEGIN MerchandisingAssociationsDisplay.jsp --><!-- Start - JSP File Name:  MerchandisingAssociationsDisplay.jsp --><!-- END MerchandisingAssociationsDisplay.jsp -->
    <div class="product  highlighted specialOffer">

        <div class="productInfo">
            <div class="productNameAndPromotions">

                <h3>
                    <a href="http://www.sainsburys.co.uk/shop/gb/groceries/ale-stout/badger-golden-champion-ale-500ml" >
                        Badger Golden Champion Ale 500ml
                        <img src="http://c2.sainsburys.co.uk/wcsstore7.11.1.161/ExtendedSitesCatalogAssetStore/images/catalog/productImages/79/5010548001679/5010548001679_L.jpeg" alt="" />
                    </a>
                </h3>

                <div class="promotion">

                    <p><a href="http://www.sainsburys.co.uk/webapp/wcs/stores/servlet/PromotionDisplayView?catalogId=10122&amp;langId=44&amp;productId=82874&amp;storeId=10151&amp;promotionId=10156241">Buy any 3 for £5.00</a></p>

                </div>

            </div>
        </div>

        <div class="strapline"><a href="http://www.sainsburys.co.uk/webapp/wcs/stores/servlet/PromotionDisplayView?catalogId=10122&amp;langId=44&amp;productId=82874&amp;storeId=10151&amp;promotionId=10156241"><img src="/wcsstore7.11.1.161/SainsburysStorefrontAssetStore/wcassets/icons/special/img-special-offer.png" alt="Special Offer" /></a></div>

        <div class="errorBanner hidden" id="error82875"></div>
        <div class="addToTrolleytabBox">
            <!--addToTrolleytabBox GRID VIEW --><!-- Start UserSubscribedOrNot.jspf --><!-- Start UserSubscribedOrNot.jsp --><!--
			If the user is not logged in, render this opening
			DIV adding an addtional class to fix the border top which is removed
			and replaced by the tabs
		-->
            <div class="addToTrolleytabContainer addItemBorderTop">
                <!-- End AddToSubscriptionList.jsp --><!-- End AddSubscriptionList.jspf --><!--
                    ATTENTION!!!
                    <div class="addToTrolleytabContainer">
                    This opening div is inside "../../ReusableObjects/UserSubscribedOrNot.jsp"
                    -->
                <div class="pricingAndTrolleyOptions">

                    <div class="priceTab priceTabContainer activeContainer addItem" id="addItem_82875">
                        <div class="pricing">

                            <p class="pricePerUnit">
                                £2.00<abbr title="per">/</abbr><abbr title="unit"><span class="pricePerUnitUnit">unit</span></abbr>
                            </p>

                            <p class="pricePerMeasure">£4.00<abbr
                                    title="per">/</abbr><abbr
                                    title="litres"><span class="pricePerMeasureMeasure">ltr</span></abbr>
                            </p>

                        </div>


                        <div class="addToTrolleyForm ">

                            <form class="addToTrolleyForm" name="OrderItemAddForm_82875" action="OrderItemAdd" method="post" id="OrderItemAddForm_82875" class="addToTrolleyForm">
                                <input type="hidden" name="storeId" value="10151"/>
                                <input type="hidden" name="langId" value="44"/>
                                <input type="hidden" name="catalogId" value="10122"/>
                                <input type="hidden" name="URL" value="http://www.sainsburys.co.uk/webapp/wcs/stores/servlet//CategoryDisplay?pageSize=30&amp;catalogId=10122&amp;level=2&amp;top_category=12192&amp;parent_category_rn=12192&amp;langId=44&amp;categoryId=12257&amp;beginIndex=0&amp;storeId=10151"/>
                                <input type="hidden" name="errorViewName" value="CategoryDisplayView"/>
                                <input type="hidden" name="SKU_ID" value="3294550"/>

                                <label class="access" for="quantity_82874">Quantity</label>

                                <input name="quantity" id="quantity_82874" type="text" size="3" value="1" class="quantity"   />


                                <input type="hidden" name="catEntryId" value="82875"/>
                                <input type="hidden" name="productId" value="82874"/>

                                <input type="hidden" name="page" value=""/>
                                <input type="hidden" name="contractId" value=""/>
                                <input type="hidden" name="calculateOrder" value="1"/>
                                <input type="hidden" name="calculationUsage" value="-1,-2,-3"/>
                                <input type="hidden" name="updateable" value="1"/>
                                <input type="hidden" name="merge" value="***"/>

                                <input type="hidden" name="callAjax" value="false"/>

                                <input class="button process" type="submit" name="Add" value="Add" />

                            </form>

                            <div class="numberInTrolley hidden numberInTrolley_82875" id="numberInTrolley_82875">

                            </div>

                        </div>

                        <!-- BEGIN CatalogEntryRatingsReviewsInfo.jspf --><!-- productAllowedRatingsAndReviews: true -->
                        <div class="reviews">

                            <a class="numberOfReviews" href="http://www.sainsburys.co.uk/shop/gb/groceries/ale-stout/badger-golden-champion-ale-500ml#reviews" >
                                <img src="http://c2.sainsburys.co.uk/wcsstore7.11.1.161/SainsburysStorefrontAssetStore/img/stars/rating-5_0.gif" alt="5.0" border="0"/>&nbsp;
                                Reviews (1)
                            </a>

                        </div>
                        <!-- END CatalogEntryRatingsReviewsInfo.jspf -->
                    </div>
                    <!-- Start AddToSubscriptionList.jspf --><!-- Start AddToSubscriptionList.jsp --><!-- End AddToSubscriptionList.jsp --><!-- End AddToSubscriptionList.jspf -->
                </div>


            </div>
        </div>
        <!-- END CatalogEntryThumbnailDisplay.jsp -->
</li>


<li class="gridItem">
    <!-- BEGIN CatalogEntryThumbnailDisplay.jsp --><!-- BEGIN MerchandisingAssociationsDisplay.jsp --><!-- Start - JSP File Name:  MerchandisingAssociationsDisplay.jsp --><!-- END MerchandisingAssociationsDisplay.jsp -->
    <div class="product  highlighted specialOffer">

        <div class="productInfo">
            <div class="productNameAndPromotions">

                <h3>
                    <a href="http://www.sainsburys.co.uk/shop/gb/groceries/ale-stout/badger-golden-glory-ale-500ml" >
                        Badger Golden Glory Ale 500ml
                        <img src="http://c2.sainsburys.co.uk/wcsstore7.11.1.161/ExtendedSitesCatalogAssetStore/images/catalog/productImages/03/5010548002003/5010548002003_L.jpeg" alt="" />
                    </a>
                </h3>

                <div class="promotion">

                    <p><a href="http://www.sainsburys.co.uk/webapp/wcs/stores/servlet/PromotionDisplayView?catalogId=10122&amp;langId=44&amp;productId=85144&amp;storeId=10151&amp;promotionId=10156241">Buy any 3 for £5.00</a></p>

                </div>

            </div>
        </div>

        <div class="strapline"><a href="http://www.sainsburys.co.uk/webapp/wcs/stores/servlet/PromotionDisplayView?catalogId=10122&amp;langId=44&amp;productId=85144&amp;storeId=10151&amp;promotionId=10156241"><img src="/wcsstore7.11.1.161/SainsburysStorefrontAssetStore/wcassets/icons/special/img-special-offer.png" alt="Special Offer" /></a></div>

        <div class="errorBanner hidden" id="error85145"></div>
        <div class="addToTrolleytabBox">
            <!--addToTrolleytabBox GRID VIEW --><!-- Start UserSubscribedOrNot.jspf --><!-- Start UserSubscribedOrNot.jsp --><!--
			If the user is not logged in, render this opening
			DIV adding an addtional class to fix the border top which is removed
			and replaced by the tabs
		-->
            <div class="addToTrolleytabContainer addItemBorderTop">
                <!-- End AddToSubscriptionList.jsp --><!-- End AddSubscriptionList.jspf --><!--
                    ATTENTION!!!
                    <div class="addToTrolleytabContainer">
                    This opening div is inside "../../ReusableObjects/UserSubscribedOrNot.jsp"
                    -->
                <div class="pricingAndTrolleyOptions">

                    <div class="priceTab priceTabContainer activeContainer addItem" id="addItem_85145">
                        <div class="pricing">

                            <p class="pricePerUnit">
                                £2.00<abbr title="per">/</abbr><abbr title="unit"><span class="pricePerUnitUnit">unit</span></abbr>
                            </p>

                            <p class="pricePerMeasure">£4.00<abbr
                                    title="per">/</abbr><abbr
                                    title="litres"><span class="pricePerMeasureMeasure">ltr</span></abbr>
                            </p>

                        </div>


                        <div class="addToTrolleyForm ">

                            <form class="addToTrolleyForm" name="OrderItemAddForm_85145" action="OrderItemAdd" method="post" id="OrderItemAddForm_85145" class="addToTrolleyForm">
                                <input type="hidden" name="storeId" value="10151"/>
                                <input type="hidden" name="langId" value="44"/>
                                <input type="hidden" name="catalogId" value="10122"/>
                                <input type="hidden" name="URL" value="http://www.sainsburys.co.uk/webapp/wcs/stores/servlet//CategoryDisplay?pageSize=30&amp;catalogId=10122&amp;level=2&amp;top_category=12192&amp;parent_category_rn=12192&amp;langId=44&amp;categoryId=12257&amp;beginIndex=0&amp;storeId=10151"/>
                                <input type="hidden" name="errorViewName" value="CategoryDisplayView"/>
                                <input type="hidden" name="SKU_ID" value="4066897"/>

                                <label class="access" for="quantity_85144">Quantity</label>

                                <input name="quantity" id="quantity_85144" type="text" size="3" value="1" class="quantity"   />


                                <input type="hidden" name="catEntryId" value="85145"/>
                                <input type="hidden" name="productId" value="85144"/>

                                <input type="hidden" name="page" value=""/>
                                <input type="hidden" name="contractId" value=""/>
                                <input type="hidden" name="calculateOrder" value="1"/>
                                <input type="hidden" name="calculationUsage" value="-1,-2,-3"/>
                                <input type="hidden" name="updateable" value="1"/>
                                <input type="hidden" name="merge" value="***"/>

                                <input type="hidden" name="callAjax" value="false"/>

                                <input class="button process" type="submit" name="Add" value="Add" />

                            </form>

                            <div class="numberInTrolley hidden numberInTrolley_85145" id="numberInTrolley_85145">

                            </div>

                        </div>

                        <!-- BEGIN CatalogEntryRatingsReviewsInfo.jspf --><!-- productAllowedRatingsAndReviews: true -->
                        <div class="reviews">

                            <a class="numberOfReviews" href="http://www.sainsburys.co.uk/shop/gb/groceries/ale-stout/badger-golden-glory-ale-500ml#reviews" >
                                <img src="http://c2.sainsburys.co.uk/wcsstore7.11.1.161/SainsburysStorefrontAssetStore/img/stars/rating-4_0.gif" alt="4.0" border="0"/>&nbsp;
                                Reviews (3)
                            </a>

                        </div>
                        <!-- END CatalogEntryRatingsReviewsInfo.jspf -->
                    </div>
                    <!-- Start AddToSubscriptionList.jspf --><!-- Start AddToSubscriptionList.jsp --><!-- End AddToSubscriptionList.jsp --><!-- End AddToSubscriptionList.jspf -->
                </div>


            </div>
        </div>
        <!-- END CatalogEntryThumbnailDisplay.jsp -->
</li>


<li class="gridItem">
    <!-- BEGIN CatalogEntryThumbnailDisplay.jsp --><!-- BEGIN MerchandisingAssociationsDisplay.jsp --><!-- Start - JSP File Name:  MerchandisingAssociationsDisplay.jsp --><!-- END MerchandisingAssociationsDisplay.jsp -->
    <div class="product  highlighted specialOffer">

        <div class="productInfo">
            <div class="productNameAndPromotions">

                <h3>
                    <a href="http://www.sainsburys.co.uk/shop/gb/groceries/ale-stout/badger-hopping-hare-500ml" >
                        Badger Hopping Hare 500ml
                        <img src="http://c2.sainsburys.co.uk/wcsstore7.11.1.161/ExtendedSitesCatalogAssetStore/images/catalog/productImages/11/5010548002911/5010548002911_L.jpeg" alt="" />
                    </a>
                </h3>

                <div class="promotion">

                    <p><a href="http://www.sainsburys.co.uk/webapp/wcs/stores/servlet/PromotionDisplayView?catalogId=10122&amp;langId=44&amp;productId=91104&amp;storeId=10151&amp;promotionId=10156241">Buy any 3 for £5.00</a></p>

                </div>

            </div>
        </div>

        <div class="strapline"><a href="http://www.sainsburys.co.uk/webapp/wcs/stores/servlet/PromotionDisplayView?catalogId=10122&amp;langId=44&amp;productId=91104&amp;storeId=10151&amp;promotionId=10156241"><img src="/wcsstore7.11.1.161/SainsburysStorefrontAssetStore/wcassets/icons/special/img-special-offer.png" alt="Special Offer" /></a></div>

        <div class="errorBanner hidden" id="error91105"></div>
        <div class="addToTrolleytabBox">
            <!--addToTrolleytabBox GRID VIEW --><!-- Start UserSubscribedOrNot.jspf --><!-- Start UserSubscribedOrNot.jsp --><!--
			If the user is not logged in, render this opening
			DIV adding an addtional class to fix the border top which is removed
			and replaced by the tabs
		-->
            <div class="addToTrolleytabContainer addItemBorderTop">
                <!-- End AddToSubscriptionList.jsp --><!-- End AddSubscriptionList.jspf --><!--
                    ATTENTION!!!
                    <div class="addToTrolleytabContainer">
                    This opening div is inside "../../ReusableObjects/UserSubscribedOrNot.jsp"
                    -->
                <div class="pricingAndTrolleyOptions">

                    <div class="priceTab priceTabContainer activeContainer addItem" id="addItem_91105">
                        <div class="pricing">

                            <p class="pricePerUnit">
                                £2.00<abbr title="per">/</abbr><abbr title="unit"><span class="pricePerUnitUnit">unit</span></abbr>
                            </p>

                            <p class="pricePerMeasure">£4.00<abbr
                                    title="per">/</abbr><abbr
                                    title="litres"><span class="pricePerMeasureMeasure">ltr</span></abbr>
                            </p>

                        </div>


                        <div class="addToTrolleyForm ">

                            <form class="addToTrolleyForm" name="OrderItemAddForm_91105" action="OrderItemAdd" method="post" id="OrderItemAddForm_91105" class="addToTrolleyForm">
                                <input type="hidden" name="storeId" value="10151"/>
                                <input type="hidden" name="langId" value="44"/>
                                <input type="hidden" name="catalogId" value="10122"/>
                                <input type="hidden" name="URL" value="http://www.sainsburys.co.uk/webapp/wcs/stores/servlet//CategoryDisplay?pageSize=30&amp;catalogId=10122&amp;level=2&amp;top_category=12192&amp;parent_category_rn=12192&amp;langId=44&amp;categoryId=12257&amp;beginIndex=0&amp;storeId=10151"/>
                                <input type="hidden" name="errorViewName" value="CategoryDisplayView"/>
                                <input type="hidden" name="SKU_ID" value="6546374"/>

                                <label class="access" for="quantity_91104">Quantity</label>

                                <input name="quantity" id="quantity_91104" type="text" size="3" value="1" class="quantity"   />


                                <input type="hidden" name="catEntryId" value="91105"/>
                                <input type="hidden" name="productId" value="91104"/>

                                <input type="hidden" name="page" value=""/>
                                <input type="hidden" name="contractId" value=""/>
                                <input type="hidden" name="calculateOrder" value="1"/>
                                <input type="hidden" name="calculationUsage" value="-1,-2,-3"/>
                                <input type="hidden" name="updateable" value="1"/>
                                <input type="hidden" name="merge" value="***"/>

                                <input type="hidden" name="callAjax" value="false"/>

                                <input class="button process" type="submit" name="Add" value="Add" />

                            </form>

                            <div class="numberInTrolley hidden numberInTrolley_91105" id="numberInTrolley_91105">

                            </div>

                        </div>

                        <!-- BEGIN CatalogEntryRatingsReviewsInfo.jspf --><!-- productAllowedRatingsAndReviews: true -->
                        <div class="reviews">

                            <a class="numberOfReviews" href="http://www.sainsburys.co.uk/shop/gb/groceries/ale-stout/badger-hopping-hare-500ml#reviews" >
                                <img src="http://c2.sainsburys.co.uk/wcsstore7.11.1.161/SainsburysStorefrontAssetStore/img/stars/rating-5_0.gif" alt="5.0" border="0"/>&nbsp;
                                Reviews (1)
                            </a>

                        </div>
                        <!-- END CatalogEntryRatingsReviewsInfo.jspf -->
                    </div>
                    <!-- Start AddToSubscriptionList.jspf --><!-- Start AddToSubscriptionList.jsp --><!-- End AddToSubscriptionList.jsp --><!-- End AddToSubscriptionList.jspf -->
                </div>


            </div>
        </div>
        <!-- END CatalogEntryThumbnailDisplay.jsp -->
</li>


<li class="gridItem">
    <!-- BEGIN CatalogEntryThumbnailDisplay.jsp --><!-- BEGIN MerchandisingAssociationsDisplay.jsp --><!-- Start - JSP File Name:  MerchandisingAssociationsDisplay.jsp --><!-- END MerchandisingAssociationsDisplay.jsp -->
    <div class="product  highlighted specialOffer">

        <div class="productInfo">
            <div class="productNameAndPromotions">

                <h3>
                    <a href="http://www.sainsburys.co.uk/shop/gb/groceries/ale-stout/badger-poachers-choice-ale-500ml" >
                        Badger Poachers Choice Ale 500ml
                        <img src="http://c2.sainsburys.co.uk/wcsstore7.11.1.161/ExtendedSitesCatalogAssetStore/images/catalog/productImages/97/5010548002997/5010548002997_L.jpeg" alt="" />
                    </a>
                </h3>

                <div class="promotion">

                    <p><a href="http://www.sainsburys.co.uk/webapp/wcs/stores/servlet/PromotionDisplayView?catalogId=10122&amp;langId=44&amp;productId=92506&amp;storeId=10151&amp;promotionId=10156241">Buy any 3 for £5.00</a></p>

                </div>

            </div>
        </div>

        <div class="strapline"><a href="http://www.sainsburys.co.uk/webapp/wcs/stores/servlet/PromotionDisplayView?catalogId=10122&amp;langId=44&amp;productId=92506&amp;storeId=10151&amp;promotionId=10156241"><img src="/wcsstore7.11.1.161/SainsburysStorefrontAssetStore/wcassets/icons/special/img-special-offer.png" alt="Special Offer" /></a></div>

        <div class="errorBanner hidden" id="error92507"></div>
        <div class="addToTrolleytabBox">
            <!--addToTrolleytabBox GRID VIEW --><!-- Start UserSubscribedOrNot.jspf --><!-- Start UserSubscribedOrNot.jsp --><!--
			If the user is not logged in, render this opening
			DIV adding an addtional class to fix the border top which is removed
			and replaced by the tabs
		-->
            <div class="addToTrolleytabContainer addItemBorderTop">
                <!-- End AddToSubscriptionList.jsp --><!-- End AddSubscriptionList.jspf --><!--
                    ATTENTION!!!
                    <div class="addToTrolleytabContainer">
                    This opening div is inside "../../ReusableObjects/UserSubscribedOrNot.jsp"
                    -->
                <div class="pricingAndTrolleyOptions">

                    <div class="priceTab priceTabContainer activeContainer addItem" id="addItem_92507">
                        <div class="pricing">

                            <p class="pricePerUnit">
                                £2.00<abbr title="per">/</abbr><abbr title="unit"><span class="pricePerUnitUnit">unit</span></abbr>
                            </p>

                            <p class="pricePerMeasure">£4.00<abbr
                                    title="per">/</abbr><abbr
                                    title="litres"><span class="pricePerMeasureMeasure">ltr</span></abbr>
                            </p>

                        </div>


                        <div class="addToTrolleyForm ">

                            <form class="addToTrolleyForm" name="OrderItemAddForm_92507" action="OrderItemAdd" method="post" id="OrderItemAddForm_92507" class="addToTrolleyForm">
                                <input type="hidden" name="storeId" value="10151"/>
                                <input type="hidden" name="langId" value="44"/>
                                <input type="hidden" name="catalogId" value="10122"/>
                                <input type="hidden" name="URL" value="http://www.sainsburys.co.uk/webapp/wcs/stores/servlet//CategoryDisplay?pageSize=30&amp;catalogId=10122&amp;level=2&amp;top_category=12192&amp;parent_category_rn=12192&amp;langId=44&amp;categoryId=12257&amp;beginIndex=0&amp;storeId=10151"/>
                                <input type="hidden" name="errorViewName" value="CategoryDisplayView"/>
                                <input type="hidden" name="SKU_ID" value="6726385"/>

                                <label class="access" for="quantity_92506">Quantity</label>

                                <input name="quantity" id="quantity_92506" type="text" size="3" value="1" class="quantity"   />


                                <input type="hidden" name="catEntryId" value="92507"/>
                                <input type="hidden" name="productId" value="92506"/>

                                <input type="hidden" name="page" value=""/>
                                <input type="hidden" name="contractId" value=""/>
                                <input type="hidden" name="calculateOrder" value="1"/>
                                <input type="hidden" name="calculationUsage" value="-1,-2,-3"/>
                                <input type="hidden" name="updateable" value="1"/>
                                <input type="hidden" name="merge" value="***"/>

                                <input type="hidden" name="callAjax" value="false"/>

                                <input class="button process" type="submit" name="Add" value="Add" />

                            </form>

                            <div class="numberInTrolley hidden numberInTrolley_92507" id="numberInTrolley_92507">

                            </div>

                        </div>

                        <!-- BEGIN CatalogEntryRatingsReviewsInfo.jspf --><!-- productAllowedRatingsAndReviews: true -->
                        <div class="reviews">

                            <a class="numberOfReviews" href="http://www.sainsburys.co.uk/shop/gb/groceries/ale-stout/badger-poachers-choice-ale-500ml#reviews" >
                                <img src="http://c2.sainsburys.co.uk/wcsstore7.11.1.161/SainsburysStorefrontAssetStore/img/stars/rating-5_0.gif" alt="5.0" border="0"/>&nbsp;
                                Reviews (2)
                            </a>

                        </div>
                        <!-- END CatalogEntryRatingsReviewsInfo.jspf -->
                    </div>
                    <!-- Start AddToSubscriptionList.jspf --><!-- Start AddToSubscriptionList.jsp --><!-- End AddToSubscriptionList.jsp --><!-- End AddToSubscriptionList.jspf -->
                </div>


            </div>
        </div>
        <!-- END CatalogEntryThumbnailDisplay.jsp -->
</li>


<li class="gridItem">
    <!-- BEGIN CatalogEntryThumbnailDisplay.jsp --><!-- BEGIN MerchandisingAssociationsDisplay.jsp --><!-- Start - JSP File Name:  MerchandisingAssociationsDisplay.jsp --><!-- END MerchandisingAssociationsDisplay.jsp -->
    <div class="product  highlighted specialOffer">

        <div class="productInfo">
            <div class="productNameAndPromotions">

                <h3>
                    <a href="http://www.sainsburys.co.uk/shop/gb/groceries/ale-stout/badger-sett-mixed-pack-x4-500ml" >
                        Badger Sett Mixed Pack 4x500ml
                        <img src="http://c2.sainsburys.co.uk/wcsstore7.11.1.161/ExtendedSitesCatalogAssetStore/images/catalog/productImages/49/5010548002249/5010548002249_L.jpeg" alt="" />
                    </a>
                </h3>

                <div class="promotion">

                    <p><a href="http://www.sainsburys.co.uk/webapp/wcs/stores/servlet/PromotionDisplayView?catalogId=10122&amp;langId=44&amp;productId=86454&amp;storeId=10151&amp;promotionId=10152070">Buy any 2 for £10.00</a></p>

                </div>

            </div>
        </div>

        <div class="strapline"><a href="http://www.sainsburys.co.uk/webapp/wcs/stores/servlet/PromotionDisplayView?catalogId=10122&amp;langId=44&amp;productId=86454&amp;storeId=10151&amp;promotionId=10152070"><img src="/wcsstore7.11.1.161/SainsburysStorefrontAssetStore/wcassets/icons/special/img-special-offer.png" alt="Special Offer" /></a></div>

        <div class="errorBanner hidden" id="error86455"></div>
        <div class="addToTrolleytabBox">
            <!--addToTrolleytabBox GRID VIEW --><!-- Start UserSubscribedOrNot.jspf --><!-- Start UserSubscribedOrNot.jsp --><!--
			If the user is not logged in, render this opening
			DIV adding an addtional class to fix the border top which is removed
			and replaced by the tabs
		-->
            <div class="addToTrolleytabContainer addItemBorderTop">
                <!-- End AddToSubscriptionList.jsp --><!-- End AddSubscriptionList.jspf --><!--
                    ATTENTION!!!
                    <div class="addToTrolleytabContainer">
                    This opening div is inside "../../ReusableObjects/UserSubscribedOrNot.jsp"
                    -->
                <div class="pricingAndTrolleyOptions">

                    <div class="priceTab priceTabContainer activeContainer addItem" id="addItem_86455">
                        <div class="pricing">

                            <p class="pricePerUnit">
                                £6.00<abbr title="per">/</abbr><abbr title="unit"><span class="pricePerUnitUnit">unit</span></abbr>
                            </p>

                            <p class="pricePerMeasure">£3.00<abbr
                                    title="per">/</abbr><abbr
                                    title="litres"><span class="pricePerMeasureMeasure">ltr</span></abbr>
                            </p>

                        </div>


                        <div class="addToTrolleyForm ">

                            <form class="addToTrolleyForm" name="OrderItemAddForm_86455" action="OrderItemAdd" method="post" id="OrderItemAddForm_86455" class="addToTrolleyForm">
                                <input type="hidden" name="storeId" value="10151"/>
                                <input type="hidden" name="langId" value="44"/>
                                <input type="hidden" name="catalogId" value="10122"/>
                                <input type="hidden" name="URL" value="http://www.sainsburys.co.uk/webapp/wcs/stores/servlet//CategoryDisplay?pageSize=30&amp;catalogId=10122&amp;level=2&amp;top_category=12192&amp;parent_category_rn=12192&amp;langId=44&amp;categoryId=12257&amp;beginIndex=0&amp;storeId=10151"/>
                                <input type="hidden" name="errorViewName" value="CategoryDisplayView"/>
                                <input type="hidden" name="SKU_ID" value="6017552"/>

                                <label class="access" for="quantity_86454">Quantity</label>

                                <input name="quantity" id="quantity_86454" type="text" size="3" value="1" class="quantity"   />


                                <input type="hidden" name="catEntryId" value="86455"/>
                                <input type="hidden" name="productId" value="86454"/>

                                <input type="hidden" name="page" value=""/>
                                <input type="hidden" name="contractId" value=""/>
                                <input type="hidden" name="calculateOrder" value="1"/>
                                <input type="hidden" name="calculationUsage" value="-1,-2,-3"/>
                                <input type="hidden" name="updateable" value="1"/>
                                <input type="hidden" name="merge" value="***"/>

                                <input type="hidden" name="callAjax" value="false"/>

                                <input class="button process" type="submit" name="Add" value="Add" />

                            </form>

                            <div class="numberInTrolley hidden numberInTrolley_86455" id="numberInTrolley_86455">

                            </div>

                        </div>

                        <!-- BEGIN CatalogEntryRatingsReviewsInfo.jspf --><!-- productAllowedRatingsAndReviews: true -->
                        <div class="reviews">

                            <a class="numberOfReviews" href="http://www.sainsburys.co.uk/shop/gb/groceries/ale-stout/badger-sett-mixed-pack-x4-500ml#reviews" >
                                <img src="http://c2.sainsburys.co.uk/wcsstore7.11.1.161/SainsburysStorefrontAssetStore/img/stars/rating-5_0.gif" alt="5.0" border="0"/>&nbsp;
                                Reviews (1)
                            </a>

                        </div>
                        <!-- END CatalogEntryRatingsReviewsInfo.jspf -->
                    </div>
                    <!-- Start AddToSubscriptionList.jspf --><!-- Start AddToSubscriptionList.jsp --><!-- End AddToSubscriptionList.jsp --><!-- End AddToSubscriptionList.jspf -->
                </div>


            </div>
        </div>
        <!-- END CatalogEntryThumbnailDisplay.jsp -->
</li>


<li class="gridItem">
    <!-- BEGIN CatalogEntryThumbnailDisplay.jsp --><!-- BEGIN MerchandisingAssociationsDisplay.jsp --><!-- Start - JSP File Name:  MerchandisingAssociationsDisplay.jsp --><!-- END MerchandisingAssociationsDisplay.jsp -->
    <div class="product  highlighted specialOffer">

        <div class="productInfo">
            <div class="productNameAndPromotions">

                <h3>
                    <a href="http://www.sainsburys.co.uk/shop/gb/groceries/ale-stout/badger-tanglefoot-ale-500ml" >
                        Badger Tanglefoot Ale 500ml
                        <img src="http://c2.sainsburys.co.uk/wcsstore7.11.1.161/ExtendedSitesCatalogAssetStore/images/catalog/productImages/49/5010548001549/5010548001549_L.jpeg" alt="" />
                    </a>
                </h3>

                <div class="promotion">

                    <p><a href="http://www.sainsburys.co.uk/webapp/wcs/stores/servlet/PromotionDisplayView?catalogId=10122&amp;langId=44&amp;productId=81768&amp;storeId=10151&amp;promotionId=10156241">Buy any 3 for £5.00</a></p>

                </div>

            </div>
        </div>

        <div class="strapline"><a href="http://www.sainsburys.co.uk/webapp/wcs/stores/servlet/PromotionDisplayView?catalogId=10122&amp;langId=44&amp;productId=81768&amp;storeId=10151&amp;promotionId=10156241"><img src="/wcsstore7.11.1.161/SainsburysStorefrontAssetStore/wcassets/icons/special/img-special-offer.png" alt="Special Offer" /></a></div>

        <div class="errorBanner hidden" id="error81769"></div>
        <div class="addToTrolleytabBox">
            <!--addToTrolleytabBox GRID VIEW --><!-- Start UserSubscribedOrNot.jspf --><!-- Start UserSubscribedOrNot.jsp --><!--
			If the user is not logged in, render this opening
			DIV adding an addtional class to fix the border top which is removed
			and replaced by the tabs
		-->
            <div class="addToTrolleytabContainer addItemBorderTop">
                <!-- End AddToSubscriptionList.jsp --><!-- End AddSubscriptionList.jspf --><!--
                    ATTENTION!!!
                    <div class="addToTrolleytabContainer">
                    This opening div is inside "../../ReusableObjects/UserSubscribedOrNot.jsp"
                    -->
                <div class="pricingAndTrolleyOptions">

                    <div class="priceTab priceTabContainer activeContainer addItem" id="addItem_81769">
                        <div class="pricing">

                            <p class="pricePerUnit">
                                £2.00<abbr title="per">/</abbr><abbr title="unit"><span class="pricePerUnitUnit">unit</span></abbr>
                            </p>

                            <p class="pricePerMeasure">£4.00<abbr
                                    title="per">/</abbr><abbr
                                    title="litres"><span class="pricePerMeasureMeasure">ltr</span></abbr>
                            </p>

                        </div>


                        <div class="addToTrolleyForm ">

                            <form class="addToTrolleyForm" name="OrderItemAddForm_81769" action="OrderItemAdd" method="post" id="OrderItemAddForm_81769" class="addToTrolleyForm">
                                <input type="hidden" name="storeId" value="10151"/>
                                <input type="hidden" name="langId" value="44"/>
                                <input type="hidden" name="catalogId" value="10122"/>
                                <input type="hidden" name="URL" value="http://www.sainsburys.co.uk/webapp/wcs/stores/servlet//CategoryDisplay?pageSize=30&amp;catalogId=10122&amp;level=2&amp;top_category=12192&amp;parent_category_rn=12192&amp;langId=44&amp;categoryId=12257&amp;beginIndex=0&amp;storeId=10151"/>
                                <input type="hidden" name="errorViewName" value="CategoryDisplayView"/>
                                <input type="hidden" name="SKU_ID" value="2763583"/>

                                <label class="access" for="quantity_81768">Quantity</label>

                                <input name="quantity" id="quantity_81768" type="text" size="3" value="1" class="quantity"   />


                                <input type="hidden" name="catEntryId" value="81769"/>
                                <input type="hidden" name="productId" value="81768"/>

                                <input type="hidden" name="page" value=""/>
                                <input type="hidden" name="contractId" value=""/>
                                <input type="hidden" name="calculateOrder" value="1"/>
                                <input type="hidden" name="calculationUsage" value="-1,-2,-3"/>
                                <input type="hidden" name="updateable" value="1"/>
                                <input type="hidden" name="merge" value="***"/>

                                <input type="hidden" name="callAjax" value="false"/>

                                <input class="button process" type="submit" name="Add" value="Add" />

                            </form>

                            <div class="numberInTrolley hidden numberInTrolley_81769" id="numberInTrolley_81769">

                            </div>

                        </div>

                        <!-- BEGIN CatalogEntryRatingsReviewsInfo.jspf --><!-- productAllowedRatingsAndReviews: true -->
                        <div class="reviews">

                            <a class="numberOfReviews repressive" href="http://reviews.sainsburys.co.uk//8076-en_gb/2763583-P/writereview.htm?submissionurl=http%3A%2F%2Fwww.sainsburys.co.uk%2Fwebapp%2Fwcs%2Fstores%2Fservlet%2FBVReviewSubmitDisplay%3FcatalogId%3D10122%26storeId%3D10151%26recipe%3D%26langId%3D44%26productId%3D2763583-P&return=http%3A%2F%2Fwww.sainsburys.co.uk%2Fwebapp%2Fwcs%2Fstores%2Fservlet%2FCategoryDisplay%3Fmsg%3D%26langId%3D44%26storeId%3D10151%26krypto%3DRgLt17%252FIKZm6RNx3msOriDLb7Ap0aElQ14V%252BUhL%252FfOoO9c7n1Tnln8O3dF07eV75haCK87Axxf2w%250ALw053TycI16%252Fl33QddDG5Xd5lTq8r2SR8k6k9ksDo0lF8fzUvekX%26ddkey%3Dhttp%3Agb%2Fgroceries%2Fdrinks%2Fale-stout" >
                                Write a review
                            </a>

                        </div>
                        <!-- END CatalogEntryRatingsReviewsInfo.jspf -->
                    </div>
                    <!-- Start AddToSubscriptionList.jspf --><!-- Start AddToSubscriptionList.jsp --><!-- End AddToSubscriptionList.jsp --><!-- End AddToSubscriptionList.jspf -->
                </div>


            </div>
        </div>
        <!-- END CatalogEntryThumbnailDisplay.jsp -->
</li>


<li class="gridItem">
    <!-- BEGIN CatalogEntryThumbnailDisplay.jsp --><!-- BEGIN MerchandisingAssociationsDisplay.jsp --><!-- Start - JSP File Name:  MerchandisingAssociationsDisplay.jsp --><!-- END MerchandisingAssociationsDisplay.jsp -->
    <div class="product  highlighted specialOffer">

        <div class="productInfo">
            <div class="productNameAndPromotions">

                <h3>
                    <a href="http://www.sainsburys.co.uk/shop/gb/groceries/ale-stout/badgers-tanglefoot-ale-4-x-500ml" >
                        Badgers Tanglefoot Ale 4x500ml
                        <img src="http://c2.sainsburys.co.uk/wcsstore7.11.1.161/ExtendedSitesCatalogAssetStore/images/catalog/productImages/83/5010548000283/5010548000283_L.jpeg" alt="" />
                    </a>
                </h3>

                <div class="promotion">

                    <p><a href="http://www.sainsburys.co.uk/webapp/wcs/stores/servlet/PromotionDisplayView?catalogId=10122&amp;langId=44&amp;productId=81026&amp;storeId=10151&amp;promotionId=10152142">Only £4.50: Save £1.00</a></p>

                </div>

            </div>
        </div>

        <div class="strapline"><a href="http://www.sainsburys.co.uk/webapp/wcs/stores/servlet/PromotionDisplayView?catalogId=10122&amp;langId=44&amp;productId=81026&amp;storeId=10151&amp;promotionId=10152142"><img src="/wcsstore7.11.1.161/SainsburysStorefrontAssetStore/wcassets/icons/special/img-special-offer.png" alt="Special Offer" /></a></div>

        <div class="errorBanner hidden" id="error81027"></div>
        <div class="addToTrolleytabBox">
            <!--addToTrolleytabBox GRID VIEW --><!-- Start UserSubscribedOrNot.jspf --><!-- Start UserSubscribedOrNot.jsp --><!--
			If the user is not logged in, render this opening
			DIV adding an addtional class to fix the border top which is removed
			and replaced by the tabs
		-->
            <div class="addToTrolleytabContainer addItemBorderTop">
                <!-- End AddToSubscriptionList.jsp --><!-- End AddSubscriptionList.jspf --><!--
                    ATTENTION!!!
                    <div class="addToTrolleytabContainer">
                    This opening div is inside "../../ReusableObjects/UserSubscribedOrNot.jsp"
                    -->
                <div class="pricingAndTrolleyOptions">

                    <div class="priceTab priceTabContainer activeContainer addItem" id="addItem_81027">
                        <div class="pricing">

                            <p class="pricePerUnit">
                                £4.50<abbr title="per">/</abbr><abbr title="unit"><span class="pricePerUnitUnit">unit</span></abbr>
                            </p>

                            <p class="pricePerMeasure">£2.25<abbr
                                    title="per">/</abbr><abbr
                                    title="litres"><span class="pricePerMeasureMeasure">ltr</span></abbr>
                            </p>

                        </div>


                        <div class="addToTrolleyForm ">

                            <form class="addToTrolleyForm" name="OrderItemAddForm_81027" action="OrderItemAdd" method="post" id="OrderItemAddForm_81027" class="addToTrolleyForm">
                                <input type="hidden" name="storeId" value="10151"/>
                                <input type="hidden" name="langId" value="44"/>
                                <input type="hidden" name="catalogId" value="10122"/>
                                <input type="hidden" name="URL" value="http://www.sainsburys.co.uk/webapp/wcs/stores/servlet//CategoryDisplay?pageSize=30&amp;catalogId=10122&amp;level=2&amp;top_category=12192&amp;parent_category_rn=12192&amp;langId=44&amp;categoryId=12257&amp;beginIndex=0&amp;storeId=10151"/>
                                <input type="hidden" name="errorViewName" value="CategoryDisplayView"/>
                                <input type="hidden" name="SKU_ID" value="2307756"/>

                                <label class="access" for="quantity_81026">Quantity</label>

                                <input name="quantity" id="quantity_81026" type="text" size="3" value="1" class="quantity"   />


                                <input type="hidden" name="catEntryId" value="81027"/>
                                <input type="hidden" name="productId" value="81026"/>

                                <input type="hidden" name="page" value=""/>
                                <input type="hidden" name="contractId" value=""/>
                                <input type="hidden" name="calculateOrder" value="1"/>
                                <input type="hidden" name="calculationUsage" value="-1,-2,-3"/>
                                <input type="hidden" name="updateable" value="1"/>
                                <input type="hidden" name="merge" value="***"/>

                                <input type="hidden" name="callAjax" value="false"/>

                                <input class="button process" type="submit" name="Add" value="Add" />

                            </form>

                            <div class="numberInTrolley hidden numberInTrolley_81027" id="numberInTrolley_81027">

                            </div>

                        </div>

                        <!-- BEGIN CatalogEntryRatingsReviewsInfo.jspf --><!-- productAllowedRatingsAndReviews: true -->
                        <div class="reviews">

                            <a class="numberOfReviews" href="http://www.sainsburys.co.uk/shop/gb/groceries/ale-stout/badgers-tanglefoot-ale-4-x-500ml#reviews" >
                                <img src="http://c2.sainsburys.co.uk/wcsstore7.11.1.161/SainsburysStorefrontAssetStore/img/stars/rating-4_0.gif" alt="4.0" border="0"/>&nbsp;
                                Reviews (1)
                            </a>

                        </div>
                        <!-- END CatalogEntryRatingsReviewsInfo.jspf -->
                    </div>
                    <!-- Start AddToSubscriptionList.jspf --><!-- Start AddToSubscriptionList.jsp --><!-- End AddToSubscriptionList.jsp --><!-- End AddToSubscriptionList.jspf -->
                </div>


            </div>
        </div>
        <!-- END CatalogEntryThumbnailDisplay.jsp -->
</li>


<li class="gridItem">
    <!-- BEGIN CatalogEntryThumbnailDisplay.jsp --><!-- BEGIN MerchandisingAssociationsDisplay.jsp --><!-- Start - JSP File Name:  MerchandisingAssociationsDisplay.jsp --><!-- END MerchandisingAssociationsDisplay.jsp -->
    <div class="product  highlighted specialOffer">

        <div class="productInfo">
            <div class="productNameAndPromotions">

                <h3>
                    <a href="http://www.sainsburys.co.uk/shop/gb/groceries/ale-stout/bass-trademark-number-one-500ml" >
                        Bass Trademark Number One 500ml
                        <img src="http://c2.sainsburys.co.uk/wcsstore7.11.1.161/ExtendedSitesCatalogAssetStore/images/catalog/productImages/15/5010017116415/5010017116415_L.jpeg" alt="" />
                    </a>
                </h3>

                <div class="promotion">

                    <p><a href="http://www.sainsburys.co.uk/webapp/wcs/stores/servlet/PromotionDisplayView?catalogId=10122&amp;langId=44&amp;productId=433816&amp;storeId=10151&amp;promotionId=10156241">Buy any 3 for £5.00</a></p>

                </div>

            </div>
        </div>

        <div class="strapline"><a href="http://www.sainsburys.co.uk/webapp/wcs/stores/servlet/PromotionDisplayView?catalogId=10122&amp;langId=44&amp;productId=433816&amp;storeId=10151&amp;promotionId=10156241"><img src="/wcsstore7.11.1.161/SainsburysStorefrontAssetStore/wcassets/icons/special/img-special-offer.png" alt="Special Offer" /></a></div>

        <div class="errorBanner hidden" id="error433817"></div>
        <div class="addToTrolleytabBox">
            <!--addToTrolleytabBox GRID VIEW --><!-- Start UserSubscribedOrNot.jspf --><!-- Start UserSubscribedOrNot.jsp --><!--
			If the user is not logged in, render this opening
			DIV adding an addtional class to fix the border top which is removed
			and replaced by the tabs
		-->
            <div class="addToTrolleytabContainer addItemBorderTop">
                <!-- End AddToSubscriptionList.jsp --><!-- End AddSubscriptionList.jspf --><!--
                    ATTENTION!!!
                    <div class="addToTrolleytabContainer">
                    This opening div is inside "../../ReusableObjects/UserSubscribedOrNot.jsp"
                    -->
                <div class="pricingAndTrolleyOptions">

                    <div class="priceTab priceTabContainer activeContainer addItem" id="addItem_433817">
                        <div class="pricing">

                            <p class="pricePerUnit">
                                £2.00<abbr title="per">/</abbr><abbr title="unit"><span class="pricePerUnitUnit">unit</span></abbr>
                            </p>

                            <p class="pricePerMeasure">£4.00<abbr
                                    title="per">/</abbr><abbr
                                    title="litres"><span class="pricePerMeasureMeasure">ltr</span></abbr>
                            </p>

                        </div>


                        <div class="addToTrolleyForm ">

                            <form class="addToTrolleyForm" name="OrderItemAddForm_433817" action="OrderItemAdd" method="post" id="OrderItemAddForm_433817" class="addToTrolleyForm">
                                <input type="hidden" name="storeId" value="10151"/>
                                <input type="hidden" name="langId" value="44"/>
                                <input type="hidden" name="catalogId" value="10122"/>
                                <input type="hidden" name="URL" value="http://www.sainsburys.co.uk/webapp/wcs/stores/servlet//CategoryDisplay?pageSize=30&amp;catalogId=10122&amp;level=2&amp;top_category=12192&amp;parent_category_rn=12192&amp;langId=44&amp;categoryId=12257&amp;beginIndex=0&amp;storeId=10151"/>
                                <input type="hidden" name="errorViewName" value="CategoryDisplayView"/>
                                <input type="hidden" name="SKU_ID" value="7642841"/>

                                <label class="access" for="quantity_433816">Quantity</label>

                                <input name="quantity" id="quantity_433816" type="text" size="3" value="1" class="quantity"   />


                                <input type="hidden" name="catEntryId" value="433817"/>
                                <input type="hidden" name="productId" value="433816"/>

                                <input type="hidden" name="page" value=""/>
                                <input type="hidden" name="contractId" value=""/>
                                <input type="hidden" name="calculateOrder" value="1"/>
                                <input type="hidden" name="calculationUsage" value="-1,-2,-3"/>
                                <input type="hidden" name="updateable" value="1"/>
                                <input type="hidden" name="merge" value="***"/>

                                <input type="hidden" name="callAjax" value="false"/>

                                <input class="button process" type="submit" name="Add" value="Add" />

                            </form>

                            <div class="numberInTrolley hidden numberInTrolley_433817" id="numberInTrolley_433817">

                            </div>

                        </div>

                        <!-- BEGIN CatalogEntryRatingsReviewsInfo.jspf --><!-- productAllowedRatingsAndReviews: true -->
                        <div class="reviews">

                            <a class="numberOfReviews repressive" href="http://reviews.sainsburys.co.uk//8076-en_gb/7642841-P/writereview.htm?submissionurl=http%3A%2F%2Fwww.sainsburys.co.uk%2Fwebapp%2Fwcs%2Fstores%2Fservlet%2FBVReviewSubmitDisplay%3FcatalogId%3D10122%26storeId%3D10151%26recipe%3D%26langId%3D44%26productId%3D7642841-P&return=http%3A%2F%2Fwww.sainsburys.co.uk%2Fwebapp%2Fwcs%2Fstores%2Fservlet%2FCategoryDisplay%3Fmsg%3D%26langId%3D44%26storeId%3D10151%26krypto%3DRgLt17%252FIKZm6RNx3msOriDLb7Ap0aElQ14V%252BUhL%252FfOoO9c7n1Tnln8O3dF07eV75haCK87Axxf2w%250ALw053TycI16%252Fl33QddDG5Xd5lTq8r2SR8k6k9ksDo0lF8fzUvekX%26ddkey%3Dhttp%3Agb%2Fgroceries%2Fdrinks%2Fale-stout" >
                                Write a review
                            </a>

                        </div>
                        <!-- END CatalogEntryRatingsReviewsInfo.jspf -->
                    </div>
                    <!-- Start AddToSubscriptionList.jspf --><!-- Start AddToSubscriptionList.jsp --><!-- End AddToSubscriptionList.jsp --><!-- End AddToSubscriptionList.jspf -->
                </div>


            </div>
        </div>
        <!-- END CatalogEntryThumbnailDisplay.jsp -->
</li>


<li class="gridItem">
    <!-- BEGIN CatalogEntryThumbnailDisplay.jsp --><!-- BEGIN MerchandisingAssociationsDisplay.jsp --><!-- Start - JSP File Name:  MerchandisingAssociationsDisplay.jsp --><!-- END MerchandisingAssociationsDisplay.jsp -->
    <div class="product  highlighted specialOffer">

        <div class="productInfo">
            <div class="productNameAndPromotions">

                <h3>
                    <a href="http://www.sainsburys.co.uk/shop/gb/groceries/ale-stout/batemans-mocha---chocolate-500ml" >
                        Batemans Mocha & Chocolate 500ml
                        <img src="http://c2.sainsburys.co.uk/wcsstore7.11.1.161/ExtendedSitesCatalogAssetStore/images/catalog/productImages/04/5017011480504/5017011480504_L.jpeg" alt="" />
                    </a>
                </h3>

                <div class="promotion">

                    <p><a href="http://www.sainsburys.co.uk/webapp/wcs/stores/servlet/PromotionDisplayView?catalogId=10122&amp;langId=44&amp;productId=106190&amp;storeId=10151&amp;promotionId=10156241">Buy any 3 for £5.00</a></p>

                </div>

            </div>
        </div>

        <div class="strapline"><a href="http://www.sainsburys.co.uk/webapp/wcs/stores/servlet/PromotionDisplayView?catalogId=10122&amp;langId=44&amp;productId=106190&amp;storeId=10151&amp;promotionId=10156241"><img src="/wcsstore7.11.1.161/SainsburysStorefrontAssetStore/wcassets/icons/special/img-special-offer.png" alt="Special Offer" /></a></div>

        <div class="errorBanner hidden" id="error106191"></div>
        <div class="addToTrolleytabBox">
            <!--addToTrolleytabBox GRID VIEW --><!-- Start UserSubscribedOrNot.jspf --><!-- Start UserSubscribedOrNot.jsp --><!--
			If the user is not logged in, render this opening
			DIV adding an addtional class to fix the border top which is removed
			and replaced by the tabs
		-->
            <div class="addToTrolleytabContainer addItemBorderTop">
                <!-- End AddToSubscriptionList.jsp --><!-- End AddSubscriptionList.jspf --><!--
                    ATTENTION!!!
                    <div class="addToTrolleytabContainer">
                    This opening div is inside "../../ReusableObjects/UserSubscribedOrNot.jsp"
                    -->
                <div class="pricingAndTrolleyOptions">

                    <div class="priceTab priceTabContainer activeContainer addItem" id="addItem_106191">
                        <div class="pricing">

                            <p class="pricePerUnit">
                                £2.00<abbr title="per">/</abbr><abbr title="unit"><span class="pricePerUnitUnit">unit</span></abbr>
                            </p>

                            <p class="pricePerMeasure">£4.00<abbr
                                    title="per">/</abbr><abbr
                                    title="litres"><span class="pricePerMeasureMeasure">ltr</span></abbr>
                            </p>

                        </div>


                        <div class="addToTrolleyForm ">

                            <form class="addToTrolleyForm" name="OrderItemAddForm_106191" action="OrderItemAdd" method="post" id="OrderItemAddForm_106191" class="addToTrolleyForm">
                                <input type="hidden" name="storeId" value="10151"/>
                                <input type="hidden" name="langId" value="44"/>
                                <input type="hidden" name="catalogId" value="10122"/>
                                <input type="hidden" name="URL" value="http://www.sainsburys.co.uk/webapp/wcs/stores/servlet//CategoryDisplay?pageSize=30&amp;catalogId=10122&amp;level=2&amp;top_category=12192&amp;parent_category_rn=12192&amp;langId=44&amp;categoryId=12257&amp;beginIndex=0&amp;storeId=10151"/>
                                <input type="hidden" name="errorViewName" value="CategoryDisplayView"/>
                                <input type="hidden" name="SKU_ID" value="7581043"/>

                                <label class="access" for="quantity_106190">Quantity</label>

                                <input name="quantity" id="quantity_106190" type="text" size="3" value="1" class="quantity"   />


                                <input type="hidden" name="catEntryId" value="106191"/>
                                <input type="hidden" name="productId" value="106190"/>

                                <input type="hidden" name="page" value=""/>
                                <input type="hidden" name="contractId" value=""/>
                                <input type="hidden" name="calculateOrder" value="1"/>
                                <input type="hidden" name="calculationUsage" value="-1,-2,-3"/>
                                <input type="hidden" name="updateable" value="1"/>
                                <input type="hidden" name="merge" value="***"/>

                                <input type="hidden" name="callAjax" value="false"/>

                                <input class="button process" type="submit" name="Add" value="Add" />

                            </form>

                            <div class="numberInTrolley hidden numberInTrolley_106191" id="numberInTrolley_106191">

                            </div>

                        </div>

                        <!-- BEGIN CatalogEntryRatingsReviewsInfo.jspf --><!-- productAllowedRatingsAndReviews: true -->
                        <div class="reviews">

                            <a class="numberOfReviews" href="http://www.sainsburys.co.uk/shop/gb/groceries/ale-stout/batemans-mocha---chocolate-500ml#reviews" >
                                <img src="http://c2.sainsburys.co.uk/wcsstore7.11.1.161/SainsburysStorefrontAssetStore/img/stars/rating-4_8.gif" alt="4.8" border="0"/>&nbsp;
                                Reviews (5)
                            </a>

                        </div>
                        <!-- END CatalogEntryRatingsReviewsInfo.jspf -->
                    </div>
                    <!-- Start AddToSubscriptionList.jspf --><!-- Start AddToSubscriptionList.jsp --><!-- End AddToSubscriptionList.jsp --><!-- End AddToSubscriptionList.jspf -->
                </div>


            </div>
        </div>
        <!-- END CatalogEntryThumbnailDisplay.jsp -->
</li>


<li class="gridItem">
    <!-- BEGIN CatalogEntryThumbnailDisplay.jsp --><!-- BEGIN MerchandisingAssociationsDisplay.jsp --><!-- Start - JSP File Name:  MerchandisingAssociationsDisplay.jsp --><!-- END MerchandisingAssociationsDisplay.jsp -->
    <div class="product  highlighted specialOffer">

        <div class="productInfo">
            <div class="productNameAndPromotions">

                <h3>
                    <a href="http://www.sainsburys.co.uk/shop/gb/groceries/ale-stout/bath-ales-barnsey-500ml" >
                        Bath Ales Barnsey 500ml
                        <img src="http://c2.sainsburys.co.uk/wcsstore7.11.1.161/ExtendedSitesCatalogAssetStore/images/catalog/productImages/22/5039035001022/5039035001022_L.jpeg" alt="" />
                    </a>
                </h3>

                <div class="promotion">

                    <p><a href="http://www.sainsburys.co.uk/webapp/wcs/stores/servlet/PromotionDisplayView?catalogId=10122&amp;langId=44&amp;productId=93662&amp;storeId=10151&amp;promotionId=10156241">Buy any 3 for £5.00</a></p>

                </div>

            </div>
        </div>

        <div class="strapline"><a href="http://www.sainsburys.co.uk/webapp/wcs/stores/servlet/PromotionDisplayView?catalogId=10122&amp;langId=44&amp;productId=93662&amp;storeId=10151&amp;promotionId=10156241"><img src="/wcsstore7.11.1.161/SainsburysStorefrontAssetStore/wcassets/icons/special/img-special-offer.png" alt="Special Offer" /></a></div>

        <div class="errorBanner hidden" id="error93663"></div>
        <div class="addToTrolleytabBox">
            <!--addToTrolleytabBox GRID VIEW --><!-- Start UserSubscribedOrNot.jspf --><!-- Start UserSubscribedOrNot.jsp --><!--
			If the user is not logged in, render this opening
			DIV adding an addtional class to fix the border top which is removed
			and replaced by the tabs
		-->
            <div class="addToTrolleytabContainer addItemBorderTop">
                <!-- End AddToSubscriptionList.jsp --><!-- End AddSubscriptionList.jspf --><!--
                    ATTENTION!!!
                    <div class="addToTrolleytabContainer">
                    This opening div is inside "../../ReusableObjects/UserSubscribedOrNot.jsp"
                    -->
                <div class="pricingAndTrolleyOptions">

                    <div class="priceTab priceTabContainer activeContainer addItem" id="addItem_93663">
                        <div class="pricing">

                            <p class="pricePerUnit">
                                £2.00<abbr title="per">/</abbr><abbr title="unit"><span class="pricePerUnitUnit">unit</span></abbr>
                            </p>

                            <p class="pricePerMeasure">£4.00<abbr
                                    title="per">/</abbr><abbr
                                    title="litres"><span class="pricePerMeasureMeasure">ltr</span></abbr>
                            </p>

                        </div>


                        <div class="addToTrolleyForm ">

                            <form class="addToTrolleyForm" name="OrderItemAddForm_93663" action="OrderItemAdd" method="post" id="OrderItemAddForm_93663" class="addToTrolleyForm">
                                <input type="hidden" name="storeId" value="10151"/>
                                <input type="hidden" name="langId" value="44"/>
                                <input type="hidden" name="catalogId" value="10122"/>
                                <input type="hidden" name="URL" value="http://www.sainsburys.co.uk/webapp/wcs/stores/servlet//CategoryDisplay?pageSize=30&amp;catalogId=10122&amp;level=2&amp;top_category=12192&amp;parent_category_rn=12192&amp;langId=44&amp;categoryId=12257&amp;beginIndex=0&amp;storeId=10151"/>
                                <input type="hidden" name="errorViewName" value="CategoryDisplayView"/>
                                <input type="hidden" name="SKU_ID" value="6831222"/>

                                <label class="access" for="quantity_93662">Quantity</label>

                                <input name="quantity" id="quantity_93662" type="text" size="3" value="1" class="quantity"   />


                                <input type="hidden" name="catEntryId" value="93663"/>
                                <input type="hidden" name="productId" value="93662"/>

                                <input type="hidden" name="page" value=""/>
                                <input type="hidden" name="contractId" value=""/>
                                <input type="hidden" name="calculateOrder" value="1"/>
                                <input type="hidden" name="calculationUsage" value="-1,-2,-3"/>
                                <input type="hidden" name="updateable" value="1"/>
                                <input type="hidden" name="merge" value="***"/>

                                <input type="hidden" name="callAjax" value="false"/>

                                <input class="button process" type="submit" name="Add" value="Add" />

                            </form>

                            <div class="numberInTrolley hidden numberInTrolley_93663" id="numberInTrolley_93663">

                            </div>

                        </div>

                        <!-- BEGIN CatalogEntryRatingsReviewsInfo.jspf --><!-- productAllowedRatingsAndReviews: true -->
                        <div class="reviews">

                            <a class="numberOfReviews repressive" href="http://reviews.sainsburys.co.uk//8076-en_gb/6831222-P/writereview.htm?submissionurl=http%3A%2F%2Fwww.sainsburys.co.uk%2Fwebapp%2Fwcs%2Fstores%2Fservlet%2FBVReviewSubmitDisplay%3FcatalogId%3D10122%26storeId%3D10151%26recipe%3D%26langId%3D44%26productId%3D6831222-P&return=http%3A%2F%2Fwww.sainsburys.co.uk%2Fwebapp%2Fwcs%2Fstores%2Fservlet%2FCategoryDisplay%3Fmsg%3D%26langId%3D44%26storeId%3D10151%26krypto%3DRgLt17%252FIKZm6RNx3msOriDLb7Ap0aElQ14V%252BUhL%252FfOoO9c7n1Tnln8O3dF07eV75haCK87Axxf2w%250ALw053TycI16%252Fl33QddDG5Xd5lTq8r2SR8k6k9ksDo0lF8fzUvekX%26ddkey%3Dhttp%3Agb%2Fgroceries%2Fdrinks%2Fale-stout" >
                                Write a review
                            </a>

                        </div>
                        <!-- END CatalogEntryRatingsReviewsInfo.jspf -->
                    </div>
                    <!-- Start AddToSubscriptionList.jspf --><!-- Start AddToSubscriptionList.jsp --><!-- End AddToSubscriptionList.jsp --><!-- End AddToSubscriptionList.jspf -->
                </div>


            </div>
        </div>
        <!-- END CatalogEntryThumbnailDisplay.jsp -->
</li>


<li class="gridItem">
    <!-- BEGIN CatalogEntryThumbnailDisplay.jsp --><!-- BEGIN MerchandisingAssociationsDisplay.jsp --><!-- Start - JSP File Name:  MerchandisingAssociationsDisplay.jsp --><!-- END MerchandisingAssociationsDisplay.jsp -->
    <div class="product  highlighted specialOffer">

        <div class="productInfo">
            <div class="productNameAndPromotions">

                <h3>
                    <a href="http://www.sainsburys.co.uk/shop/gb/groceries/ale-stout/bath-ales-gem-bitter-500ml" >
                        Bath Ales Gem Bitter 500ml
                        <img src="http://c2.sainsburys.co.uk/wcsstore7.11.1.161/ExtendedSitesCatalogAssetStore/images/catalog/productImages/18/5039035000018/5039035000018_L.jpeg" alt="" />
                    </a>
                </h3>

                <div class="promotion">

                    <p><a href="http://www.sainsburys.co.uk/webapp/wcs/stores/servlet/PromotionDisplayView?catalogId=10122&amp;langId=44&amp;productId=86564&amp;storeId=10151&amp;promotionId=10156241">Buy any 3 for £5.00</a></p>

                </div>

            </div>
        </div>

        <div class="strapline"><a href="http://www.sainsburys.co.uk/webapp/wcs/stores/servlet/PromotionDisplayView?catalogId=10122&amp;langId=44&amp;productId=86564&amp;storeId=10151&amp;promotionId=10156241"><img src="/wcsstore7.11.1.161/SainsburysStorefrontAssetStore/wcassets/icons/special/img-special-offer.png" alt="Special Offer" /></a></div>

        <div class="errorBanner hidden" id="error86565"></div>
        <div class="addToTrolleytabBox">
            <!--addToTrolleytabBox GRID VIEW --><!-- Start UserSubscribedOrNot.jspf --><!-- Start UserSubscribedOrNot.jsp --><!--
			If the user is not logged in, render this opening
			DIV adding an addtional class to fix the border top which is removed
			and replaced by the tabs
		-->
            <div class="addToTrolleytabContainer addItemBorderTop">
                <!-- End AddToSubscriptionList.jsp --><!-- End AddSubscriptionList.jspf --><!--
                    ATTENTION!!!
                    <div class="addToTrolleytabContainer">
                    This opening div is inside "../../ReusableObjects/UserSubscribedOrNot.jsp"
                    -->
                <div class="pricingAndTrolleyOptions">

                    <div class="priceTab priceTabContainer activeContainer addItem" id="addItem_86565">
                        <div class="pricing">

                            <p class="pricePerUnit">
                                £2.00<abbr title="per">/</abbr><abbr title="unit"><span class="pricePerUnitUnit">unit</span></abbr>
                            </p>

                            <p class="pricePerMeasure">£4.00<abbr
                                    title="per">/</abbr><abbr
                                    title="litres"><span class="pricePerMeasureMeasure">ltr</span></abbr>
                            </p>

                        </div>


                        <div class="addToTrolleyForm ">

                            <form class="addToTrolleyForm" name="OrderItemAddForm_86565" action="OrderItemAdd" method="post" id="OrderItemAddForm_86565" class="addToTrolleyForm">
                                <input type="hidden" name="storeId" value="10151"/>
                                <input type="hidden" name="langId" value="44"/>
                                <input type="hidden" name="catalogId" value="10122"/>
                                <input type="hidden" name="URL" value="http://www.sainsburys.co.uk/webapp/wcs/stores/servlet//CategoryDisplay?pageSize=30&amp;catalogId=10122&amp;level=2&amp;top_category=12192&amp;parent_category_rn=12192&amp;langId=44&amp;categoryId=12257&amp;beginIndex=0&amp;storeId=10151"/>
                                <input type="hidden" name="errorViewName" value="CategoryDisplayView"/>
                                <input type="hidden" name="SKU_ID" value="6019896"/>

                                <label class="access" for="quantity_86564">Quantity</label>

                                <input name="quantity" id="quantity_86564" type="text" size="3" value="1" class="quantity"   />


                                <input type="hidden" name="catEntryId" value="86565"/>
                                <input type="hidden" name="productId" value="86564"/>

                                <input type="hidden" name="page" value=""/>
                                <input type="hidden" name="contractId" value=""/>
                                <input type="hidden" name="calculateOrder" value="1"/>
                                <input type="hidden" name="calculationUsage" value="-1,-2,-3"/>
                                <input type="hidden" name="updateable" value="1"/>
                                <input type="hidden" name="merge" value="***"/>

                                <input type="hidden" name="callAjax" value="false"/>

                                <input class="button process" type="submit" name="Add" value="Add" />

                            </form>

                            <div class="numberInTrolley hidden numberInTrolley_86565" id="numberInTrolley_86565">

                            </div>

                        </div>

                        <!-- BEGIN CatalogEntryRatingsReviewsInfo.jspf --><!-- productAllowedRatingsAndReviews: true -->
                        <div class="reviews">

                            <a class="numberOfReviews repressive" href="http://reviews.sainsburys.co.uk//8076-en_gb/6019896-P/writereview.htm?submissionurl=http%3A%2F%2Fwww.sainsburys.co.uk%2Fwebapp%2Fwcs%2Fstores%2Fservlet%2FBVReviewSubmitDisplay%3FcatalogId%3D10122%26storeId%3D10151%26recipe%3D%26langId%3D44%26productId%3D6019896-P&return=http%3A%2F%2Fwww.sainsburys.co.uk%2Fwebapp%2Fwcs%2Fstores%2Fservlet%2FCategoryDisplay%3Fmsg%3D%26langId%3D44%26storeId%3D10151%26krypto%3DRgLt17%252FIKZm6RNx3msOriDLb7Ap0aElQ14V%252BUhL%252FfOoO9c7n1Tnln8O3dF07eV75haCK87Axxf2w%250ALw053TycI16%252Fl33QddDG5Xd5lTq8r2SR8k6k9ksDo0lF8fzUvekX%26ddkey%3Dhttp%3Agb%2Fgroceries%2Fdrinks%2Fale-stout" >
                                Write a review
                            </a>

                        </div>
                        <!-- END CatalogEntryRatingsReviewsInfo.jspf -->
                    </div>
                    <!-- Start AddToSubscriptionList.jspf --><!-- Start AddToSubscriptionList.jsp --><!-- End AddToSubscriptionList.jsp --><!-- End AddToSubscriptionList.jspf -->
                </div>


            </div>
        </div>
        <!-- END CatalogEntryThumbnailDisplay.jsp -->
</li>


<li class="gridItem">
    <!-- BEGIN CatalogEntryThumbnailDisplay.jsp --><!-- BEGIN MerchandisingAssociationsDisplay.jsp --><!-- Start - JSP File Name:  MerchandisingAssociationsDisplay.jsp --><!-- END MerchandisingAssociationsDisplay.jsp -->
    <div class="product  highlighted specialOffer">

        <div class="productInfo">
            <div class="productNameAndPromotions">

                <h3>
                    <a href="http://www.sainsburys.co.uk/shop/gb/groceries/ale-stout/bath-ales-golden-hare-500ml-44%25" >
                        Bath Ales Golden Hare 500ml 4.4%
                        <img src="http://c2.sainsburys.co.uk/wcsstore7.11.1.161/ExtendedSitesCatalogAssetStore/images/catalog/productImages/80/5039035000780/5039035000780_L.jpeg" alt="" />
                    </a>
                </h3>

                <div class="promotion">

                    <p><a href="http://www.sainsburys.co.uk/webapp/wcs/stores/servlet/PromotionDisplayView?catalogId=10122&amp;langId=44&amp;productId=95532&amp;storeId=10151&amp;promotionId=10156241">Buy any 3 for £5.00</a></p>

                </div>

            </div>
        </div>

        <div class="strapline"><a href="http://www.sainsburys.co.uk/webapp/wcs/stores/servlet/PromotionDisplayView?catalogId=10122&amp;langId=44&amp;productId=95532&amp;storeId=10151&amp;promotionId=10156241"><img src="/wcsstore7.11.1.161/SainsburysStorefrontAssetStore/wcassets/icons/special/img-special-offer.png" alt="Special Offer" /></a></div>

        <div class="errorBanner hidden" id="error95533"></div>
        <div class="addToTrolleytabBox">
            <!--addToTrolleytabBox GRID VIEW --><!-- Start UserSubscribedOrNot.jspf --><!-- Start UserSubscribedOrNot.jsp --><!--
			If the user is not logged in, render this opening
			DIV adding an addtional class to fix the border top which is removed
			and replaced by the tabs
		-->
            <div class="addToTrolleytabContainer addItemBorderTop">
                <!-- End AddToSubscriptionList.jsp --><!-- End AddSubscriptionList.jspf --><!--
                    ATTENTION!!!
                    <div class="addToTrolleytabContainer">
                    This opening div is inside "../../ReusableObjects/UserSubscribedOrNot.jsp"
                    -->
                <div class="pricingAndTrolleyOptions">

                    <div class="priceTab priceTabContainer activeContainer addItem" id="addItem_95533">
                        <div class="pricing">

                            <p class="pricePerUnit">
                                £2.00<abbr title="per">/</abbr><abbr title="unit"><span class="pricePerUnitUnit">unit</span></abbr>
                            </p>

                            <p class="pricePerMeasure">£4.00<abbr
                                    title="per">/</abbr><abbr
                                    title="litres"><span class="pricePerMeasureMeasure">ltr</span></abbr>
                            </p>

                        </div>


                        <div class="addToTrolleyForm ">

                            <form class="addToTrolleyForm" name="OrderItemAddForm_95533" action="OrderItemAdd" method="post" id="OrderItemAddForm_95533" class="addToTrolleyForm">
                                <input type="hidden" name="storeId" value="10151"/>
                                <input type="hidden" name="langId" value="44"/>
                                <input type="hidden" name="catalogId" value="10122"/>
                                <input type="hidden" name="URL" value="http://www.sainsburys.co.uk/webapp/wcs/stores/servlet//CategoryDisplay?pageSize=30&amp;catalogId=10122&amp;level=2&amp;top_category=12192&amp;parent_category_rn=12192&amp;langId=44&amp;categoryId=12257&amp;beginIndex=0&amp;storeId=10151"/>
                                <input type="hidden" name="errorViewName" value="CategoryDisplayView"/>
                                <input type="hidden" name="SKU_ID" value="7144771"/>

                                <label class="access" for="quantity_95532">Quantity</label>

                                <input name="quantity" id="quantity_95532" type="text" size="3" value="1" class="quantity"   />


                                <input type="hidden" name="catEntryId" value="95533"/>
                                <input type="hidden" name="productId" value="95532"/>

                                <input type="hidden" name="page" value=""/>
                                <input type="hidden" name="contractId" value=""/>
                                <input type="hidden" name="calculateOrder" value="1"/>
                                <input type="hidden" name="calculationUsage" value="-1,-2,-3"/>
                                <input type="hidden" name="updateable" value="1"/>
                                <input type="hidden" name="merge" value="***"/>

                                <input type="hidden" name="callAjax" value="false"/>

                                <input class="button process" type="submit" name="Add" value="Add" />

                            </form>

                            <div class="numberInTrolley hidden numberInTrolley_95533" id="numberInTrolley_95533">

                            </div>

                        </div>

                        <!-- BEGIN CatalogEntryRatingsReviewsInfo.jspf --><!-- productAllowedRatingsAndReviews: true -->
                        <div class="reviews">

                            <a class="numberOfReviews repressive" href="http://reviews.sainsburys.co.uk//8076-en_gb/7144771-P/writereview.htm?submissionurl=http%3A%2F%2Fwww.sainsburys.co.uk%2Fwebapp%2Fwcs%2Fstores%2Fservlet%2FBVReviewSubmitDisplay%3FcatalogId%3D10122%26storeId%3D10151%26recipe%3D%26langId%3D44%26productId%3D7144771-P&return=http%3A%2F%2Fwww.sainsburys.co.uk%2Fwebapp%2Fwcs%2Fstores%2Fservlet%2FCategoryDisplay%3Fmsg%3D%26langId%3D44%26storeId%3D10151%26krypto%3DRgLt17%252FIKZm6RNx3msOriDLb7Ap0aElQ14V%252BUhL%252FfOoO9c7n1Tnln8O3dF07eV75haCK87Axxf2w%250ALw053TycI16%252Fl33QddDG5Xd5lTq8r2SR8k6k9ksDo0lF8fzUvekX%26ddkey%3Dhttp%3Agb%2Fgroceries%2Fdrinks%2Fale-stout" >
                                Write a review
                            </a>

                        </div>
                        <!-- END CatalogEntryRatingsReviewsInfo.jspf -->
                    </div>
                    <!-- Start AddToSubscriptionList.jspf --><!-- Start AddToSubscriptionList.jsp --><!-- End AddToSubscriptionList.jsp --><!-- End AddToSubscriptionList.jspf -->
                </div>


            </div>
        </div>
        <!-- END CatalogEntryThumbnailDisplay.jsp -->
</li>


<li class="gridItem">
    <!-- BEGIN CatalogEntryThumbnailDisplay.jsp --><!-- BEGIN MerchandisingAssociationsDisplay.jsp --><!-- Start - JSP File Name:  MerchandisingAssociationsDisplay.jsp --><!-- END MerchandisingAssociationsDisplay.jsp -->
    <div class="product  highlighted specialOffer">

        <div class="productInfo">
            <div class="productNameAndPromotions">

                <h3>
                    <a href="http://www.sainsburys.co.uk/shop/gb/groceries/ale-stout/bishops-finger-ale-500ml" >
                        Bishop's Finger Ale 500ml
                        <img src="http://c2.sainsburys.co.uk/wcsstore7.11.1.161/ExtendedSitesCatalogAssetStore/images/catalog/productImages/04/5012686006004/5012686006004_L.jpeg" alt="" />
                    </a>
                </h3>

                <div class="promotion">

                    <p><a href="http://www.sainsburys.co.uk/webapp/wcs/stores/servlet/PromotionDisplayView?catalogId=10122&amp;langId=44&amp;productId=81656&amp;storeId=10151&amp;promotionId=10156241">Buy any 3 for £5.00</a></p>

                </div>

            </div>
        </div>

        <div class="strapline"><a href="http://www.sainsburys.co.uk/webapp/wcs/stores/servlet/PromotionDisplayView?catalogId=10122&amp;langId=44&amp;productId=81656&amp;storeId=10151&amp;promotionId=10156241"><img src="/wcsstore7.11.1.161/SainsburysStorefrontAssetStore/wcassets/icons/special/img-special-offer.png" alt="Special Offer" /></a></div>

        <div class="errorBanner hidden" id="error81657"></div>
        <div class="addToTrolleytabBox">
            <!--addToTrolleytabBox GRID VIEW --><!-- Start UserSubscribedOrNot.jspf --><!-- Start UserSubscribedOrNot.jsp --><!--
			If the user is not logged in, render this opening
			DIV adding an addtional class to fix the border top which is removed
			and replaced by the tabs
		-->
            <div class="addToTrolleytabContainer addItemBorderTop">
                <!-- End AddToSubscriptionList.jsp --><!-- End AddSubscriptionList.jspf --><!--
                    ATTENTION!!!
                    <div class="addToTrolleytabContainer">
                    This opening div is inside "../../ReusableObjects/UserSubscribedOrNot.jsp"
                    -->
                <div class="pricingAndTrolleyOptions">

                    <div class="priceTab priceTabContainer activeContainer addItem" id="addItem_81657">
                        <div class="pricing">

                            <p class="pricePerUnit">
                                £2.00<abbr title="per">/</abbr><abbr title="unit"><span class="pricePerUnitUnit">unit</span></abbr>
                            </p>

                            <p class="pricePerMeasure">£4.00<abbr
                                    title="per">/</abbr><abbr
                                    title="litres"><span class="pricePerMeasureMeasure">ltr</span></abbr>
                            </p>

                        </div>


                        <div class="addToTrolleyForm ">

                            <form class="addToTrolleyForm" name="OrderItemAddForm_81657" action="OrderItemAdd" method="post" id="OrderItemAddForm_81657" class="addToTrolleyForm">
                                <input type="hidden" name="storeId" value="10151"/>
                                <input type="hidden" name="langId" value="44"/>
                                <input type="hidden" name="catalogId" value="10122"/>
                                <input type="hidden" name="URL" value="http://www.sainsburys.co.uk/webapp/wcs/stores/servlet//CategoryDisplay?pageSize=30&amp;catalogId=10122&amp;level=2&amp;top_category=12192&amp;parent_category_rn=12192&amp;langId=44&amp;categoryId=12257&amp;beginIndex=0&amp;storeId=10151"/>
                                <input type="hidden" name="errorViewName" value="CategoryDisplayView"/>
                                <input type="hidden" name="SKU_ID" value="2664736"/>

                                <label class="access" for="quantity_81656">Quantity</label>

                                <input name="quantity" id="quantity_81656" type="text" size="3" value="1" class="quantity"   />


                                <input type="hidden" name="catEntryId" value="81657"/>
                                <input type="hidden" name="productId" value="81656"/>

                                <input type="hidden" name="page" value=""/>
                                <input type="hidden" name="contractId" value=""/>
                                <input type="hidden" name="calculateOrder" value="1"/>
                                <input type="hidden" name="calculationUsage" value="-1,-2,-3"/>
                                <input type="hidden" name="updateable" value="1"/>
                                <input type="hidden" name="merge" value="***"/>

                                <input type="hidden" name="callAjax" value="false"/>

                                <input class="button process" type="submit" name="Add" value="Add" />

                            </form>

                            <div class="numberInTrolley hidden numberInTrolley_81657" id="numberInTrolley_81657">

                            </div>

                        </div>

                        <!-- BEGIN CatalogEntryRatingsReviewsInfo.jspf --><!-- productAllowedRatingsAndReviews: true -->
                        <div class="reviews">

                            <a class="numberOfReviews repressive" href="http://reviews.sainsburys.co.uk//8076-en_gb/2664736-P/writereview.htm?submissionurl=http%3A%2F%2Fwww.sainsburys.co.uk%2Fwebapp%2Fwcs%2Fstores%2Fservlet%2FBVReviewSubmitDisplay%3FcatalogId%3D10122%26storeId%3D10151%26recipe%3D%26langId%3D44%26productId%3D2664736-P&return=http%3A%2F%2Fwww.sainsburys.co.uk%2Fwebapp%2Fwcs%2Fstores%2Fservlet%2FCategoryDisplay%3Fmsg%3D%26langId%3D44%26storeId%3D10151%26krypto%3DRgLt17%252FIKZm6RNx3msOriDLb7Ap0aElQ14V%252BUhL%252FfOoO9c7n1Tnln8O3dF07eV75haCK87Axxf2w%250ALw053TycI16%252Fl33QddDG5Xd5lTq8r2SR8k6k9ksDo0lF8fzUvekX%26ddkey%3Dhttp%3Agb%2Fgroceries%2Fdrinks%2Fale-stout" >
                                Write a review
                            </a>

                        </div>
                        <!-- END CatalogEntryRatingsReviewsInfo.jspf -->
                    </div>
                    <!-- Start AddToSubscriptionList.jspf --><!-- Start AddToSubscriptionList.jsp --><!-- End AddToSubscriptionList.jsp --><!-- End AddToSubscriptionList.jspf -->
                </div>


            </div>
        </div>
        <!-- END CatalogEntryThumbnailDisplay.jsp -->
</li>


<li class="gridItem">
    <!-- BEGIN CatalogEntryThumbnailDisplay.jsp --><!-- BEGIN MerchandisingAssociationsDisplay.jsp --><!-- Start - JSP File Name:  MerchandisingAssociationsDisplay.jsp --><!-- END MerchandisingAssociationsDisplay.jsp -->
    <div class="product  highlighted specialOffer">

        <div class="productInfo">
            <div class="productNameAndPromotions">

                <h3>
                    <a href="http://www.sainsburys.co.uk/shop/gb/groceries/ale-stout/black-sheep-ale--bottle-500ml" >
                        Black Sheep Ale 500ml
                        <img src="http://c2.sainsburys.co.uk/wcsstore7.11.1.161/ExtendedSitesCatalogAssetStore/images/catalog/productImages/16/5024583000016/5024583000016_L.jpeg" alt="" />
                    </a>
                </h3>

                <div class="promotion">

                    <p><a href="http://www.sainsburys.co.uk/webapp/wcs/stores/servlet/PromotionDisplayView?catalogId=10122&amp;langId=44&amp;productId=81390&amp;storeId=10151&amp;promotionId=10156241">Buy any 3 for £5.00</a></p>

                </div>

            </div>
        </div>

        <div class="strapline"><a href="http://www.sainsburys.co.uk/webapp/wcs/stores/servlet/PromotionDisplayView?catalogId=10122&amp;langId=44&amp;productId=81390&amp;storeId=10151&amp;promotionId=10156241"><img src="/wcsstore7.11.1.161/SainsburysStorefrontAssetStore/wcassets/icons/special/img-special-offer.png" alt="Special Offer" /></a></div>

        <div class="errorBanner hidden" id="error81391"></div>
        <div class="addToTrolleytabBox">
            <!--addToTrolleytabBox GRID VIEW --><!-- Start UserSubscribedOrNot.jspf --><!-- Start UserSubscribedOrNot.jsp --><!--
			If the user is not logged in, render this opening
			DIV adding an addtional class to fix the border top which is removed
			and replaced by the tabs
		-->
            <div class="addToTrolleytabContainer addItemBorderTop">
                <!-- End AddToSubscriptionList.jsp --><!-- End AddSubscriptionList.jspf --><!--
                    ATTENTION!!!
                    <div class="addToTrolleytabContainer">
                    This opening div is inside "../../ReusableObjects/UserSubscribedOrNot.jsp"
                    -->
                <div class="pricingAndTrolleyOptions">

                    <div class="priceTab priceTabContainer activeContainer addItem" id="addItem_81391">
                        <div class="pricing">

                            <p class="pricePerUnit">
                                £2.00<abbr title="per">/</abbr><abbr title="unit"><span class="pricePerUnitUnit">unit</span></abbr>
                            </p>

                            <p class="pricePerMeasure">£4.00<abbr
                                    title="per">/</abbr><abbr
                                    title="litres"><span class="pricePerMeasureMeasure">ltr</span></abbr>
                            </p>

                        </div>


                        <div class="addToTrolleyForm ">

                            <form class="addToTrolleyForm" name="OrderItemAddForm_81391" action="OrderItemAdd" method="post" id="OrderItemAddForm_81391" class="addToTrolleyForm">
                                <input type="hidden" name="storeId" value="10151"/>
                                <input type="hidden" name="langId" value="44"/>
                                <input type="hidden" name="catalogId" value="10122"/>
                                <input type="hidden" name="URL" value="http://www.sainsburys.co.uk/webapp/wcs/stores/servlet//CategoryDisplay?pageSize=30&amp;catalogId=10122&amp;level=2&amp;top_category=12192&amp;parent_category_rn=12192&amp;langId=44&amp;categoryId=12257&amp;beginIndex=0&amp;storeId=10151"/>
                                <input type="hidden" name="errorViewName" value="CategoryDisplayView"/>
                                <input type="hidden" name="SKU_ID" value="2525136"/>

                                <label class="access" for="quantity_81390">Quantity</label>

                                <input name="quantity" id="quantity_81390" type="text" size="3" value="1" class="quantity"   />


                                <input type="hidden" name="catEntryId" value="81391"/>
                                <input type="hidden" name="productId" value="81390"/>

                                <input type="hidden" name="page" value=""/>
                                <input type="hidden" name="contractId" value=""/>
                                <input type="hidden" name="calculateOrder" value="1"/>
                                <input type="hidden" name="calculationUsage" value="-1,-2,-3"/>
                                <input type="hidden" name="updateable" value="1"/>
                                <input type="hidden" name="merge" value="***"/>

                                <input type="hidden" name="callAjax" value="false"/>

                                <input class="button process" type="submit" name="Add" value="Add" />

                            </form>

                            <div class="numberInTrolley hidden numberInTrolley_81391" id="numberInTrolley_81391">

                            </div>

                        </div>

                        <!-- BEGIN CatalogEntryRatingsReviewsInfo.jspf --><!-- productAllowedRatingsAndReviews: true -->
                        <div class="reviews">

                            <a class="numberOfReviews repressive" href="http://reviews.sainsburys.co.uk//8076-en_gb/2525136-P/writereview.htm?submissionurl=http%3A%2F%2Fwww.sainsburys.co.uk%2Fwebapp%2Fwcs%2Fstores%2Fservlet%2FBVReviewSubmitDisplay%3FcatalogId%3D10122%26storeId%3D10151%26recipe%3D%26langId%3D44%26productId%3D2525136-P&return=http%3A%2F%2Fwww.sainsburys.co.uk%2Fwebapp%2Fwcs%2Fstores%2Fservlet%2FCategoryDisplay%3Fmsg%3D%26langId%3D44%26storeId%3D10151%26krypto%3DRgLt17%252FIKZm6RNx3msOriDLb7Ap0aElQ14V%252BUhL%252FfOoO9c7n1Tnln8O3dF07eV75haCK87Axxf2w%250ALw053TycI16%252Fl33QddDG5Xd5lTq8r2SR8k6k9ksDo0lF8fzUvekX%26ddkey%3Dhttp%3Agb%2Fgroceries%2Fdrinks%2Fale-stout" >
                                Write a review
                            </a>

                        </div>
                        <!-- END CatalogEntryRatingsReviewsInfo.jspf -->
                    </div>
                    <!-- Start AddToSubscriptionList.jspf --><!-- Start AddToSubscriptionList.jsp --><!-- End AddToSubscriptionList.jsp --><!-- End AddToSubscriptionList.jspf -->
                </div>


            </div>
        </div>
        <!-- END CatalogEntryThumbnailDisplay.jsp -->
</li>


<li class="gridItem">
    <!-- BEGIN CatalogEntryThumbnailDisplay.jsp --><!-- BEGIN MerchandisingAssociationsDisplay.jsp --><!-- Start - JSP File Name:  MerchandisingAssociationsDisplay.jsp --><!-- END MerchandisingAssociationsDisplay.jsp -->
    <div class="product  highlighted specialOffer">

        <div class="productInfo">
            <div class="productNameAndPromotions">

                <h3>
                    <a href="http://www.sainsburys.co.uk/shop/gb/groceries/ale-stout/golden-sheep-ale-500ml" >
                        Black Sheep Golden Sheep Ale 500ml
                        <img src="http://c2.sainsburys.co.uk/wcsstore7.11.1.161/ExtendedSitesCatalogAssetStore/images/catalog/productImages/61/5024583000061/5024583000061_L.jpeg" alt="" />
                    </a>
                </h3>

                <div class="promotion">

                    <p><a href="http://www.sainsburys.co.uk/webapp/wcs/stores/servlet/PromotionDisplayView?catalogId=10122&amp;langId=44&amp;productId=96162&amp;storeId=10151&amp;promotionId=10156241">Buy any 3 for £5.00</a></p>

                </div>

            </div>
        </div>

        <div class="strapline"><a href="http://www.sainsburys.co.uk/webapp/wcs/stores/servlet/PromotionDisplayView?catalogId=10122&amp;langId=44&amp;productId=96162&amp;storeId=10151&amp;promotionId=10156241"><img src="/wcsstore7.11.1.161/SainsburysStorefrontAssetStore/wcassets/icons/special/img-special-offer.png" alt="Special Offer" /></a></div>

        <div class="errorBanner hidden" id="error96163"></div>
        <div class="addToTrolleytabBox">
            <!--addToTrolleytabBox GRID VIEW --><!-- Start UserSubscribedOrNot.jspf --><!-- Start UserSubscribedOrNot.jsp --><!--
			If the user is not logged in, render this opening
			DIV adding an addtional class to fix the border top which is removed
			and replaced by the tabs
		-->
            <div class="addToTrolleytabContainer addItemBorderTop">
                <!-- End AddToSubscriptionList.jsp --><!-- End AddSubscriptionList.jspf --><!--
                    ATTENTION!!!
                    <div class="addToTrolleytabContainer">
                    This opening div is inside "../../ReusableObjects/UserSubscribedOrNot.jsp"
                    -->
                <div class="pricingAndTrolleyOptions">

                    <div class="priceTab priceTabContainer activeContainer addItem" id="addItem_96163">
                        <div class="pricing">

                            <p class="pricePerUnit">
                                £2.00<abbr title="per">/</abbr><abbr title="unit"><span class="pricePerUnitUnit">unit</span></abbr>
                            </p>

                            <p class="pricePerMeasure">£4.00<abbr
                                    title="per">/</abbr><abbr
                                    title="litres"><span class="pricePerMeasureMeasure">ltr</span></abbr>
                            </p>

                        </div>


                        <div class="addToTrolleyForm ">

                            <form class="addToTrolleyForm" name="OrderItemAddForm_96163" action="OrderItemAdd" method="post" id="OrderItemAddForm_96163" class="addToTrolleyForm">
                                <input type="hidden" name="storeId" value="10151"/>
                                <input type="hidden" name="langId" value="44"/>
                                <input type="hidden" name="catalogId" value="10122"/>
                                <input type="hidden" name="URL" value="http://www.sainsburys.co.uk/webapp/wcs/stores/servlet//CategoryDisplay?pageSize=30&amp;catalogId=10122&amp;level=2&amp;top_category=12192&amp;parent_category_rn=12192&amp;langId=44&amp;categoryId=12257&amp;beginIndex=0&amp;storeId=10151"/>
                                <input type="hidden" name="errorViewName" value="CategoryDisplayView"/>
                                <input type="hidden" name="SKU_ID" value="7213748"/>

                                <label class="access" for="quantity_96162">Quantity</label>

                                <input name="quantity" id="quantity_96162" type="text" size="3" value="1" class="quantity"   />


                                <input type="hidden" name="catEntryId" value="96163"/>
                                <input type="hidden" name="productId" value="96162"/>

                                <input type="hidden" name="page" value=""/>
                                <input type="hidden" name="contractId" value=""/>
                                <input type="hidden" name="calculateOrder" value="1"/>
                                <input type="hidden" name="calculationUsage" value="-1,-2,-3"/>
                                <input type="hidden" name="updateable" value="1"/>
                                <input type="hidden" name="merge" value="***"/>

                                <input type="hidden" name="callAjax" value="false"/>

                                <input class="button process" type="submit" name="Add" value="Add" />

                            </form>

                            <div class="numberInTrolley hidden numberInTrolley_96163" id="numberInTrolley_96163">

                            </div>

                        </div>

                        <!-- BEGIN CatalogEntryRatingsReviewsInfo.jspf --><!-- productAllowedRatingsAndReviews: true -->
                        <div class="reviews">

                            <a class="numberOfReviews repressive" href="http://reviews.sainsburys.co.uk//8076-en_gb/7213748-P/writereview.htm?submissionurl=http%3A%2F%2Fwww.sainsburys.co.uk%2Fwebapp%2Fwcs%2Fstores%2Fservlet%2FBVReviewSubmitDisplay%3FcatalogId%3D10122%26storeId%3D10151%26recipe%3D%26langId%3D44%26productId%3D7213748-P&return=http%3A%2F%2Fwww.sainsburys.co.uk%2Fwebapp%2Fwcs%2Fstores%2Fservlet%2FCategoryDisplay%3Fmsg%3D%26langId%3D44%26storeId%3D10151%26krypto%3DRgLt17%252FIKZm6RNx3msOriDLb7Ap0aElQ14V%252BUhL%252FfOoO9c7n1Tnln8O3dF07eV75haCK87Axxf2w%250ALw053TycI16%252Fl33QddDG5Xd5lTq8r2SR8k6k9ksDo0lF8fzUvekX%26ddkey%3Dhttp%3Agb%2Fgroceries%2Fdrinks%2Fale-stout" >
                                Write a review
                            </a>

                        </div>
                        <!-- END CatalogEntryRatingsReviewsInfo.jspf -->
                    </div>
                    <!-- Start AddToSubscriptionList.jspf --><!-- Start AddToSubscriptionList.jsp --><!-- End AddToSubscriptionList.jsp --><!-- End AddToSubscriptionList.jspf -->
                </div>


            </div>
        </div>
        <!-- END CatalogEntryThumbnailDisplay.jsp -->
</li>


<li class="gridItem">
    <!-- BEGIN CatalogEntryThumbnailDisplay.jsp --><!-- BEGIN MerchandisingAssociationsDisplay.jsp --><!-- Start - JSP File Name:  MerchandisingAssociationsDisplay.jsp --><!-- END MerchandisingAssociationsDisplay.jsp -->
    <div class="product  highlighted specialOffer">

        <div class="productInfo">
            <div class="productNameAndPromotions">

                <h3>
                    <a href="http://www.sainsburys.co.uk/shop/gb/groceries/ale-stout/blue-moon-american-craft-beer-355ml-%2854%25-abv%29" >
                        Blue Moon American Craft Beer 355ml (5.4% Abv)
                        <img src="http://c2.sainsburys.co.uk/wcsstore7.11.1.161/ExtendedSitesCatalogAssetStore/images/catalog/productImages/57/5010038048757/5010038048757_L.jpeg" alt="" />
                    </a>
                </h3>

                <div class="promotion">

                    <p><a href="http://www.sainsburys.co.uk/webapp/wcs/stores/servlet/PromotionDisplayView?catalogId=10122&amp;langId=44&amp;productId=93656&amp;storeId=10151&amp;promotionId=10155866">Buy any 2 for £3.00</a></p>

                </div>

            </div>
        </div>

        <div class="strapline"><a href="http://www.sainsburys.co.uk/webapp/wcs/stores/servlet/PromotionDisplayView?catalogId=10122&amp;langId=44&amp;productId=93656&amp;storeId=10151&amp;promotionId=10155866"><img src="/wcsstore7.11.1.161/SainsburysStorefrontAssetStore/wcassets/icons/special/img-special-offer.png" alt="Special Offer" /></a></div>

        <div class="errorBanner hidden" id="error93657"></div>
        <div class="addToTrolleytabBox">
            <!--addToTrolleytabBox GRID VIEW --><!-- Start UserSubscribedOrNot.jspf --><!-- Start UserSubscribedOrNot.jsp --><!--
			If the user is not logged in, render this opening
			DIV adding an addtional class to fix the border top which is removed
			and replaced by the tabs
		-->
            <div class="addToTrolleytabContainer addItemBorderTop">
                <!-- End AddToSubscriptionList.jsp --><!-- End AddSubscriptionList.jspf --><!--
                    ATTENTION!!!
                    <div class="addToTrolleytabContainer">
                    This opening div is inside "../../ReusableObjects/UserSubscribedOrNot.jsp"
                    -->
                <div class="pricingAndTrolleyOptions">

                    <div class="priceTab priceTabContainer activeContainer addItem" id="addItem_93657">
                        <div class="pricing">

                            <p class="pricePerUnit">
                                £1.75<abbr title="per">/</abbr><abbr title="unit"><span class="pricePerUnitUnit">unit</span></abbr>
                            </p>

                            <p class="pricePerMeasure">£4.93<abbr
                                    title="per">/</abbr><abbr
                                    title="litres"><span class="pricePerMeasureMeasure">ltr</span></abbr>
                            </p>

                        </div>


                        <div class="addToTrolleyForm ">

                            <form class="addToTrolleyForm" name="OrderItemAddForm_93657" action="OrderItemAdd" method="post" id="OrderItemAddForm_93657" class="addToTrolleyForm">
                                <input type="hidden" name="storeId" value="10151"/>
                                <input type="hidden" name="langId" value="44"/>
                                <input type="hidden" name="catalogId" value="10122"/>
                                <input type="hidden" name="URL" value="http://www.sainsburys.co.uk/webapp/wcs/stores/servlet//CategoryDisplay?pageSize=30&amp;catalogId=10122&amp;level=2&amp;top_category=12192&amp;parent_category_rn=12192&amp;langId=44&amp;categoryId=12257&amp;beginIndex=0&amp;storeId=10151"/>
                                <input type="hidden" name="errorViewName" value="CategoryDisplayView"/>
                                <input type="hidden" name="SKU_ID" value="6830742"/>

                                <label class="access" for="quantity_93656">Quantity</label>

                                <input name="quantity" id="quantity_93656" type="text" size="3" value="1" class="quantity"   />


                                <input type="hidden" name="catEntryId" value="93657"/>
                                <input type="hidden" name="productId" value="93656"/>

                                <input type="hidden" name="page" value=""/>
                                <input type="hidden" name="contractId" value=""/>
                                <input type="hidden" name="calculateOrder" value="1"/>
                                <input type="hidden" name="calculationUsage" value="-1,-2,-3"/>
                                <input type="hidden" name="updateable" value="1"/>
                                <input type="hidden" name="merge" value="***"/>

                                <input type="hidden" name="callAjax" value="false"/>

                                <input class="button process" type="submit" name="Add" value="Add" />

                            </form>

                            <div class="numberInTrolley hidden numberInTrolley_93657" id="numberInTrolley_93657">

                            </div>

                        </div>

                        <!-- BEGIN CatalogEntryRatingsReviewsInfo.jspf --><!-- productAllowedRatingsAndReviews: true -->
                        <div class="reviews">

                            <a class="numberOfReviews repressive" href="http://reviews.sainsburys.co.uk//8076-en_gb/6830742-P/writereview.htm?submissionurl=http%3A%2F%2Fwww.sainsburys.co.uk%2Fwebapp%2Fwcs%2Fstores%2Fservlet%2FBVReviewSubmitDisplay%3FcatalogId%3D10122%26storeId%3D10151%26recipe%3D%26langId%3D44%26productId%3D6830742-P&return=http%3A%2F%2Fwww.sainsburys.co.uk%2Fwebapp%2Fwcs%2Fstores%2Fservlet%2FCategoryDisplay%3Fmsg%3D%26langId%3D44%26storeId%3D10151%26krypto%3DRgLt17%252FIKZm6RNx3msOriDLb7Ap0aElQ14V%252BUhL%252FfOoO9c7n1Tnln8O3dF07eV75haCK87Axxf2w%250ALw053TycI16%252Fl33QddDG5Xd5lTq8r2SR8k6k9ksDo0lF8fzUvekX%26ddkey%3Dhttp%3Agb%2Fgroceries%2Fdrinks%2Fale-stout" >
                                Write a review
                            </a>

                        </div>
                        <!-- END CatalogEntryRatingsReviewsInfo.jspf -->
                    </div>
                    <!-- Start AddToSubscriptionList.jspf --><!-- Start AddToSubscriptionList.jsp --><!-- End AddToSubscriptionList.jsp --><!-- End AddToSubscriptionList.jspf -->
                </div>


            </div>
        </div>
        <!-- END CatalogEntryThumbnailDisplay.jsp -->
</li>


<li class="gridItem">
    <!-- BEGIN CatalogEntryThumbnailDisplay.jsp --><!-- BEGIN MerchandisingAssociationsDisplay.jsp --><!-- Start - JSP File Name:  MerchandisingAssociationsDisplay.jsp --><!-- END MerchandisingAssociationsDisplay.jsp -->
    <div class="product  highlighted specialOffer">

        <div class="productInfo">
            <div class="productNameAndPromotions">

                <h3>
                    <a href="http://www.sainsburys.co.uk/shop/gb/groceries/ale-stout/boddingtons-4x440ml" >
                        Boddingtons Draught Bitter 4x440ml
                        <img src="http://c2.sainsburys.co.uk/wcsstore7.11.1.161/ExtendedSitesCatalogAssetStore/images/catalog/productImages/99/5010017081799/5010017081799_L.jpeg" alt="" />
                    </a>
                </h3>

                <div class="promotion">

                    <p><a href="http://www.sainsburys.co.uk/webapp/wcs/stores/servlet/PromotionDisplayView?catalogId=10122&amp;langId=44&amp;productId=81148&amp;storeId=10151&amp;promotionId=10152121">Only £3.50: Save 50p</a></p>

                </div>

            </div>
        </div>

        <div class="strapline"><a href="http://www.sainsburys.co.uk/webapp/wcs/stores/servlet/PromotionDisplayView?catalogId=10122&amp;langId=44&amp;productId=81148&amp;storeId=10151&amp;promotionId=10152121"><img src="/wcsstore7.11.1.161/SainsburysStorefrontAssetStore/wcassets/icons/special/img-special-offer.png" alt="Special Offer" /></a></div>

        <div class="errorBanner hidden" id="error81149"></div>
        <div class="addToTrolleytabBox">
            <!--addToTrolleytabBox GRID VIEW --><!-- Start UserSubscribedOrNot.jspf --><!-- Start UserSubscribedOrNot.jsp --><!--
			If the user is not logged in, render this opening
			DIV adding an addtional class to fix the border top which is removed
			and replaced by the tabs
		-->
            <div class="addToTrolleytabContainer addItemBorderTop">
                <!-- End AddToSubscriptionList.jsp --><!-- End AddSubscriptionList.jspf --><!--
                    ATTENTION!!!
                    <div class="addToTrolleytabContainer">
                    This opening div is inside "../../ReusableObjects/UserSubscribedOrNot.jsp"
                    -->
                <div class="pricingAndTrolleyOptions">

                    <div class="priceTab priceTabContainer activeContainer addItem" id="addItem_81149">
                        <div class="pricing">

                            <p class="pricePerUnit">
                                £3.50<abbr title="per">/</abbr><abbr title="unit"><span class="pricePerUnitUnit">unit</span></abbr>
                            </p>

                            <p class="pricePerMeasure">£1.99<abbr
                                    title="per">/</abbr><abbr
                                    title="litres"><span class="pricePerMeasureMeasure">ltr</span></abbr>
                            </p>

                        </div>


                        <div class="addToTrolleyForm ">

                            <form class="addToTrolleyForm" name="OrderItemAddForm_81149" action="OrderItemAdd" method="post" id="OrderItemAddForm_81149" class="addToTrolleyForm">
                                <input type="hidden" name="storeId" value="10151"/>
                                <input type="hidden" name="langId" value="44"/>
                                <input type="hidden" name="catalogId" value="10122"/>
                                <input type="hidden" name="URL" value="http://www.sainsburys.co.uk/webapp/wcs/stores/servlet//CategoryDisplay?pageSize=30&amp;catalogId=10122&amp;level=2&amp;top_category=12192&amp;parent_category_rn=12192&amp;langId=44&amp;categoryId=12257&amp;beginIndex=0&amp;storeId=10151"/>
                                <input type="hidden" name="errorViewName" value="CategoryDisplayView"/>
                                <input type="hidden" name="SKU_ID" value="2368184"/>

                                <label class="access" for="quantity_81148">Quantity</label>

                                <input name="quantity" id="quantity_81148" type="text" size="3" value="1" class="quantity"   />


                                <input type="hidden" name="catEntryId" value="81149"/>
                                <input type="hidden" name="productId" value="81148"/>

                                <input type="hidden" name="page" value=""/>
                                <input type="hidden" name="contractId" value=""/>
                                <input type="hidden" name="calculateOrder" value="1"/>
                                <input type="hidden" name="calculationUsage" value="-1,-2,-3"/>
                                <input type="hidden" name="updateable" value="1"/>
                                <input type="hidden" name="merge" value="***"/>

                                <input type="hidden" name="callAjax" value="false"/>

                                <input class="button process" type="submit" name="Add" value="Add" />

                            </form>

                            <div class="numberInTrolley hidden numberInTrolley_81149" id="numberInTrolley_81149">

                            </div>

                        </div>

                        <!-- BEGIN CatalogEntryRatingsReviewsInfo.jspf --><!-- productAllowedRatingsAndReviews: true -->
                        <div class="reviews">

                            <a class="numberOfReviews repressive" href="http://reviews.sainsburys.co.uk//8076-en_gb/2368184-P/writereview.htm?submissionurl=http%3A%2F%2Fwww.sainsburys.co.uk%2Fwebapp%2Fwcs%2Fstores%2Fservlet%2FBVReviewSubmitDisplay%3FcatalogId%3D10122%26storeId%3D10151%26recipe%3D%26langId%3D44%26productId%3D2368184-P&return=http%3A%2F%2Fwww.sainsburys.co.uk%2Fwebapp%2Fwcs%2Fstores%2Fservlet%2FCategoryDisplay%3Fmsg%3D%26langId%3D44%26storeId%3D10151%26krypto%3DRgLt17%252FIKZm6RNx3msOriDLb7Ap0aElQ14V%252BUhL%252FfOoO9c7n1Tnln8O3dF07eV75haCK87Axxf2w%250ALw053TycI16%252Fl33QddDG5Xd5lTq8r2SR8k6k9ksDo0lF8fzUvekX%26ddkey%3Dhttp%3Agb%2Fgroceries%2Fdrinks%2Fale-stout" >
                                Write a review
                            </a>

                        </div>
                        <!-- END CatalogEntryRatingsReviewsInfo.jspf -->
                    </div>
                    <!-- Start AddToSubscriptionList.jspf --><!-- Start AddToSubscriptionList.jsp --><!-- End AddToSubscriptionList.jsp --><!-- End AddToSubscriptionList.jspf -->
                </div>


            </div>
        </div>
        <!-- END CatalogEntryThumbnailDisplay.jsp -->
</li>


<li class="gridItem">
    <!-- BEGIN CatalogEntryThumbnailDisplay.jsp --><!-- BEGIN MerchandisingAssociationsDisplay.jsp --><!-- Start - JSP File Name:  MerchandisingAssociationsDisplay.jsp --><!-- END MerchandisingAssociationsDisplay.jsp -->
    <div class="product  highlighted specialOffer">

        <div class="productInfo">
            <div class="productNameAndPromotions">

                <h3>
                    <a href="http://www.sainsburys.co.uk/shop/gb/groceries/ale-stout/brains-reverend-james-ale-500ml" >
                        Brains Reverend James Ale 500ml
                        <img src="http://c2.sainsburys.co.uk/wcsstore7.11.1.161/ExtendedSitesCatalogAssetStore/images/catalog/productImages/40/5012863251340/5012863251340_L.jpeg" alt="" />
                    </a>
                </h3>

                <div class="promotion">

                    <p><a href="http://www.sainsburys.co.uk/webapp/wcs/stores/servlet/PromotionDisplayView?catalogId=10122&amp;langId=44&amp;productId=92722&amp;storeId=10151&amp;promotionId=10156241">Buy any 3 for £5.00</a></p>

                </div>

            </div>
        </div>

        <div class="strapline"><a href="http://www.sainsburys.co.uk/webapp/wcs/stores/servlet/PromotionDisplayView?catalogId=10122&amp;langId=44&amp;productId=92722&amp;storeId=10151&amp;promotionId=10156241"><img src="/wcsstore7.11.1.161/SainsburysStorefrontAssetStore/wcassets/icons/special/img-special-offer.png" alt="Special Offer" /></a></div>

        <div class="errorBanner hidden" id="error92723"></div>
        <div class="addToTrolleytabBox">
            <!--addToTrolleytabBox GRID VIEW --><!-- Start UserSubscribedOrNot.jspf --><!-- Start UserSubscribedOrNot.jsp --><!--
			If the user is not logged in, render this opening
			DIV adding an addtional class to fix the border top which is removed
			and replaced by the tabs
		-->
            <div class="addToTrolleytabContainer addItemBorderTop">
                <!-- End AddToSubscriptionList.jsp --><!-- End AddSubscriptionList.jspf --><!--
                    ATTENTION!!!
                    <div class="addToTrolleytabContainer">
                    This opening div is inside "../../ReusableObjects/UserSubscribedOrNot.jsp"
                    -->
                <div class="pricingAndTrolleyOptions">

                    <div class="priceTab priceTabContainer activeContainer addItem" id="addItem_92723">
                        <div class="pricing">

                            <p class="pricePerUnit">
                                £2.00<abbr title="per">/</abbr><abbr title="unit"><span class="pricePerUnitUnit">unit</span></abbr>
                            </p>

                            <p class="pricePerMeasure">£4.00<abbr
                                    title="per">/</abbr><abbr
                                    title="litres"><span class="pricePerMeasureMeasure">ltr</span></abbr>
                            </p>

                        </div>


                        <div class="addToTrolleyForm ">

                            <form class="addToTrolleyForm" name="OrderItemAddForm_92723" action="OrderItemAdd" method="post" id="OrderItemAddForm_92723" class="addToTrolleyForm">
                                <input type="hidden" name="storeId" value="10151"/>
                                <input type="hidden" name="langId" value="44"/>
                                <input type="hidden" name="catalogId" value="10122"/>
                                <input type="hidden" name="URL" value="http://www.sainsburys.co.uk/webapp/wcs/stores/servlet//CategoryDisplay?pageSize=30&amp;catalogId=10122&amp;level=2&amp;top_category=12192&amp;parent_category_rn=12192&amp;langId=44&amp;categoryId=12257&amp;beginIndex=0&amp;storeId=10151"/>
                                <input type="hidden" name="errorViewName" value="CategoryDisplayView"/>
                                <input type="hidden" name="SKU_ID" value="6752584"/>

                                <label class="access" for="quantity_92722">Quantity</label>

                                <input name="quantity" id="quantity_92722" type="text" size="3" value="1" class="quantity"   />


                                <input type="hidden" name="catEntryId" value="92723"/>
                                <input type="hidden" name="productId" value="92722"/>

                                <input type="hidden" name="page" value=""/>
                                <input type="hidden" name="contractId" value=""/>
                                <input type="hidden" name="calculateOrder" value="1"/>
                                <input type="hidden" name="calculationUsage" value="-1,-2,-3"/>
                                <input type="hidden" name="updateable" value="1"/>
                                <input type="hidden" name="merge" value="***"/>

                                <input type="hidden" name="callAjax" value="false"/>

                                <input class="button process" type="submit" name="Add" value="Add" />

                            </form>

                            <div class="numberInTrolley hidden numberInTrolley_92723" id="numberInTrolley_92723">

                            </div>

                        </div>

                        <!-- BEGIN CatalogEntryRatingsReviewsInfo.jspf --><!-- productAllowedRatingsAndReviews: true -->
                        <div class="reviews">

                            <a class="numberOfReviews repressive" href="http://reviews.sainsburys.co.uk//8076-en_gb/6752584-P/writereview.htm?submissionurl=http%3A%2F%2Fwww.sainsburys.co.uk%2Fwebapp%2Fwcs%2Fstores%2Fservlet%2FBVReviewSubmitDisplay%3FcatalogId%3D10122%26storeId%3D10151%26recipe%3D%26langId%3D44%26productId%3D6752584-P&return=http%3A%2F%2Fwww.sainsburys.co.uk%2Fwebapp%2Fwcs%2Fstores%2Fservlet%2FCategoryDisplay%3Fmsg%3D%26langId%3D44%26storeId%3D10151%26krypto%3DRgLt17%252FIKZm6RNx3msOriDLb7Ap0aElQ14V%252BUhL%252FfOoO9c7n1Tnln8O3dF07eV75haCK87Axxf2w%250ALw053TycI16%252Fl33QddDG5Xd5lTq8r2SR8k6k9ksDo0lF8fzUvekX%26ddkey%3Dhttp%3Agb%2Fgroceries%2Fdrinks%2Fale-stout" >
                                Write a review
                            </a>

                        </div>
                        <!-- END CatalogEntryRatingsReviewsInfo.jspf -->
                    </div>
                    <!-- Start AddToSubscriptionList.jspf --><!-- Start AddToSubscriptionList.jsp --><!-- End AddToSubscriptionList.jsp --><!-- End AddToSubscriptionList.jspf -->
                </div>


            </div>
        </div>
        <!-- END CatalogEntryThumbnailDisplay.jsp -->
</li>


<li class="gridItem">
    <!-- BEGIN CatalogEntryThumbnailDisplay.jsp --><!-- BEGIN MerchandisingAssociationsDisplay.jsp --><!-- Start - JSP File Name:  MerchandisingAssociationsDisplay.jsp --><!-- END MerchandisingAssociationsDisplay.jsp -->
    <div class="product  highlighted specialOffer">

        <div class="productInfo">
            <div class="productNameAndPromotions">

                <h3>
                    <a href="http://www.sainsburys.co.uk/shop/gb/groceries/ale-stout/brains-sa-gold-500ml" >
                        Brains Sa Gold 500ml
                        <img src="http://c2.sainsburys.co.uk/wcsstore7.11.1.161/ExtendedSitesCatalogAssetStore/images/catalog/productImages/58/5012863254358/5012863254358_L.jpeg" alt="" />
                    </a>
                </h3>

                <div class="promotion">

                    <p><a href="http://www.sainsburys.co.uk/webapp/wcs/stores/servlet/PromotionDisplayView?catalogId=10122&amp;langId=44&amp;productId=90262&amp;storeId=10151&amp;promotionId=10156241">Buy any 3 for £5.00</a></p>

                </div>

            </div>
        </div>

        <div class="strapline"><a href="http://www.sainsburys.co.uk/webapp/wcs/stores/servlet/PromotionDisplayView?catalogId=10122&amp;langId=44&amp;productId=90262&amp;storeId=10151&amp;promotionId=10156241"><img src="/wcsstore7.11.1.161/SainsburysStorefrontAssetStore/wcassets/icons/special/img-special-offer.png" alt="Special Offer" /></a></div>

        <div class="errorBanner hidden" id="error90263"></div>
        <div class="addToTrolleytabBox">
            <!--addToTrolleytabBox GRID VIEW --><!-- Start UserSubscribedOrNot.jspf --><!-- Start UserSubscribedOrNot.jsp --><!--
			If the user is not logged in, render this opening
			DIV adding an addtional class to fix the border top which is removed
			and replaced by the tabs
		-->
            <div class="addToTrolleytabContainer addItemBorderTop">
                <!-- End AddToSubscriptionList.jsp --><!-- End AddSubscriptionList.jspf --><!--
                    ATTENTION!!!
                    <div class="addToTrolleytabContainer">
                    This opening div is inside "../../ReusableObjects/UserSubscribedOrNot.jsp"
                    -->
                <div class="pricingAndTrolleyOptions">

                    <div class="priceTab priceTabContainer activeContainer addItem" id="addItem_90263">
                        <div class="pricing">

                            <p class="pricePerUnit">
                                £2.00<abbr title="per">/</abbr><abbr title="unit"><span class="pricePerUnitUnit">unit</span></abbr>
                            </p>

                            <p class="pricePerMeasure">£4.00<abbr
                                    title="per">/</abbr><abbr
                                    title="litres"><span class="pricePerMeasureMeasure">ltr</span></abbr>
                            </p>

                        </div>


                        <div class="addToTrolleyForm ">

                            <form class="addToTrolleyForm" name="OrderItemAddForm_90263" action="OrderItemAdd" method="post" id="OrderItemAddForm_90263" class="addToTrolleyForm">
                                <input type="hidden" name="storeId" value="10151"/>
                                <input type="hidden" name="langId" value="44"/>
                                <input type="hidden" name="catalogId" value="10122"/>
                                <input type="hidden" name="URL" value="http://www.sainsburys.co.uk/webapp/wcs/stores/servlet//CategoryDisplay?pageSize=30&amp;catalogId=10122&amp;level=2&amp;top_category=12192&amp;parent_category_rn=12192&amp;langId=44&amp;categoryId=12257&amp;beginIndex=0&amp;storeId=10151"/>
                                <input type="hidden" name="errorViewName" value="CategoryDisplayView"/>
                                <input type="hidden" name="SKU_ID" value="6473043"/>

                                <label class="access" for="quantity_90262">Quantity</label>

                                <input name="quantity" id="quantity_90262" type="text" size="3" value="1" class="quantity"   />


                                <input type="hidden" name="catEntryId" value="90263"/>
                                <input type="hidden" name="productId" value="90262"/>

                                <input type="hidden" name="page" value=""/>
                                <input type="hidden" name="contractId" value=""/>
                                <input type="hidden" name="calculateOrder" value="1"/>
                                <input type="hidden" name="calculationUsage" value="-1,-2,-3"/>
                                <input type="hidden" name="updateable" value="1"/>
                                <input type="hidden" name="merge" value="***"/>

                                <input type="hidden" name="callAjax" value="false"/>

                                <input class="button process" type="submit" name="Add" value="Add" />

                            </form>

                            <div class="numberInTrolley hidden numberInTrolley_90263" id="numberInTrolley_90263">

                            </div>

                        </div>

                        <!-- BEGIN CatalogEntryRatingsReviewsInfo.jspf --><!-- productAllowedRatingsAndReviews: true -->
                        <div class="reviews">

                            <a class="numberOfReviews" href="http://www.sainsburys.co.uk/shop/gb/groceries/ale-stout/brains-sa-gold-500ml#reviews" >
                                <img src="http://c2.sainsburys.co.uk/wcsstore7.11.1.161/SainsburysStorefrontAssetStore/img/stars/rating-5_0.gif" alt="5.0" border="0"/>&nbsp;
                                Reviews (1)
                            </a>

                        </div>
                        <!-- END CatalogEntryRatingsReviewsInfo.jspf -->
                    </div>
                    <!-- Start AddToSubscriptionList.jspf --><!-- Start AddToSubscriptionList.jsp --><!-- End AddToSubscriptionList.jsp --><!-- End AddToSubscriptionList.jspf -->
                </div>


            </div>
        </div>
        <!-- END CatalogEntryThumbnailDisplay.jsp -->
</li>


<li class="gridItem">
    <!-- BEGIN CatalogEntryThumbnailDisplay.jsp --><!-- BEGIN MerchandisingAssociationsDisplay.jsp --><!-- Start - JSP File Name:  MerchandisingAssociationsDisplay.jsp --><!-- END MerchandisingAssociationsDisplay.jsp -->
    <div class="product  highlighted specialOffer">

        <div class="productInfo">
            <div class="productNameAndPromotions">

                <h3>
                    <a href="http://www.sainsburys.co.uk/shop/gb/groceries/ale-stout/brakspear-oxford-gold-500ml-%2846%25-abv%29" >
                        Brakspear Oxford Gold 500ml (4.6% Abv)
                        <img src="http://c2.sainsburys.co.uk/wcsstore7.11.1.161/ExtendedSitesCatalogAssetStore/images/catalog/productImages/97/5011348007397/5011348007397_L.jpeg" alt="" />
                    </a>
                </h3>

                <div class="promotion">

                    <p><a href="http://www.sainsburys.co.uk/webapp/wcs/stores/servlet/PromotionDisplayView?catalogId=10122&amp;langId=44&amp;productId=87110&amp;storeId=10151&amp;promotionId=10156241">Buy any 3 for £5.00</a></p>

                </div>

            </div>
        </div>

        <div class="strapline"><a href="http://www.sainsburys.co.uk/webapp/wcs/stores/servlet/PromotionDisplayView?catalogId=10122&amp;langId=44&amp;productId=87110&amp;storeId=10151&amp;promotionId=10156241"><img src="/wcsstore7.11.1.161/SainsburysStorefrontAssetStore/wcassets/icons/special/img-special-offer.png" alt="Special Offer" /></a></div>

        <div class="errorBanner hidden" id="error87111"></div>
        <div class="addToTrolleytabBox">
            <!--addToTrolleytabBox GRID VIEW --><!-- Start UserSubscribedOrNot.jspf --><!-- Start UserSubscribedOrNot.jsp --><!--
			If the user is not logged in, render this opening
			DIV adding an addtional class to fix the border top which is removed
			and replaced by the tabs
		-->
            <div class="addToTrolleytabContainer addItemBorderTop">
                <!-- End AddToSubscriptionList.jsp --><!-- End AddSubscriptionList.jspf --><!--
                    ATTENTION!!!
                    <div class="addToTrolleytabContainer">
                    This opening div is inside "../../ReusableObjects/UserSubscribedOrNot.jsp"
                    -->
                <div class="pricingAndTrolleyOptions">

                    <div class="priceTab priceTabContainer activeContainer addItem" id="addItem_87111">
                        <div class="pricing">

                            <p class="pricePerUnit">
                                £2.00<abbr title="per">/</abbr><abbr title="unit"><span class="pricePerUnitUnit">unit</span></abbr>
                            </p>

                            <p class="pricePerMeasure">£4.00<abbr
                                    title="per">/</abbr><abbr
                                    title="litres"><span class="pricePerMeasureMeasure">ltr</span></abbr>
                            </p>

                        </div>


                        <div class="addToTrolleyForm ">

                            <form class="addToTrolleyForm" name="OrderItemAddForm_87111" action="OrderItemAdd" method="post" id="OrderItemAddForm_87111" class="addToTrolleyForm">
                                <input type="hidden" name="storeId" value="10151"/>
                                <input type="hidden" name="langId" value="44"/>
                                <input type="hidden" name="catalogId" value="10122"/>
                                <input type="hidden" name="URL" value="http://www.sainsburys.co.uk/webapp/wcs/stores/servlet//CategoryDisplay?pageSize=30&amp;catalogId=10122&amp;level=2&amp;top_category=12192&amp;parent_category_rn=12192&amp;langId=44&amp;categoryId=12257&amp;beginIndex=0&amp;storeId=10151"/>
                                <input type="hidden" name="errorViewName" value="CategoryDisplayView"/>
                                <input type="hidden" name="SKU_ID" value="6031457"/>

                                <label class="access" for="quantity_87110">Quantity</label>

                                <input name="quantity" id="quantity_87110" type="text" size="3" value="1" class="quantity"   />


                                <input type="hidden" name="catEntryId" value="87111"/>
                                <input type="hidden" name="productId" value="87110"/>

                                <input type="hidden" name="page" value=""/>
                                <input type="hidden" name="contractId" value=""/>
                                <input type="hidden" name="calculateOrder" value="1"/>
                                <input type="hidden" name="calculationUsage" value="-1,-2,-3"/>
                                <input type="hidden" name="updateable" value="1"/>
                                <input type="hidden" name="merge" value="***"/>

                                <input type="hidden" name="callAjax" value="false"/>

                                <input class="button process" type="submit" name="Add" value="Add" />

                            </form>

                            <div class="numberInTrolley hidden numberInTrolley_87111" id="numberInTrolley_87111">

                            </div>

                        </div>

                        <!-- BEGIN CatalogEntryRatingsReviewsInfo.jspf --><!-- productAllowedRatingsAndReviews: true -->
                        <div class="reviews">

                            <a class="numberOfReviews" href="http://www.sainsburys.co.uk/shop/gb/groceries/ale-stout/brakspear-oxford-gold-500ml-%2846%25-abv%29#reviews" >
                                <img src="http://c2.sainsburys.co.uk/wcsstore7.11.1.161/SainsburysStorefrontAssetStore/img/stars/rating-5_0.gif" alt="5.0" border="0"/>&nbsp;
                                Reviews (1)
                            </a>

                        </div>
                        <!-- END CatalogEntryRatingsReviewsInfo.jspf -->
                    </div>
                    <!-- Start AddToSubscriptionList.jspf --><!-- Start AddToSubscriptionList.jsp --><!-- End AddToSubscriptionList.jsp --><!-- End AddToSubscriptionList.jspf -->
                </div>


            </div>
        </div>
        <!-- END CatalogEntryThumbnailDisplay.jsp -->
</li>


<li class="gridItem">
    <!-- BEGIN CatalogEntryThumbnailDisplay.jsp --><!-- BEGIN MerchandisingAssociationsDisplay.jsp --><!-- Start - JSP File Name:  MerchandisingAssociationsDisplay.jsp --><!-- END MerchandisingAssociationsDisplay.jsp -->
    <div class="product  highlighted specialOffer">

        <div class="productInfo">
            <div class="productNameAndPromotions">

                <h3>
                    <a href="http://www.sainsburys.co.uk/shop/gb/groceries/ale-stout/brew-dog-5am-saint-330ml" >
                        BrewDog 5AM Saint 330ml
                        <img src="http://c2.sainsburys.co.uk/wcsstore7.11.1.161/ExtendedSitesCatalogAssetStore/images/catalog/productImages/25/5060154910025/5060154910025_L.jpeg" alt="" />
                    </a>
                </h3>

                <div class="promotion">

                    <p><a href="http://www.sainsburys.co.uk/webapp/wcs/stores/servlet/PromotionDisplayView?catalogId=10122&amp;langId=44&amp;productId=97980&amp;storeId=10151&amp;promotionId=10155866">Buy any 2 for £3.00</a></p>

                </div>

            </div>
        </div>

        <div class="strapline"><a href="http://www.sainsburys.co.uk/webapp/wcs/stores/servlet/PromotionDisplayView?catalogId=10122&amp;langId=44&amp;productId=97980&amp;storeId=10151&amp;promotionId=10155866"><img src="/wcsstore7.11.1.161/SainsburysStorefrontAssetStore/wcassets/icons/special/img-special-offer.png" alt="Special Offer" /></a></div>

        <div class="errorBanner hidden" id="error97981"></div>
        <div class="addToTrolleytabBox">
            <!--addToTrolleytabBox GRID VIEW --><!-- Start UserSubscribedOrNot.jspf --><!-- Start UserSubscribedOrNot.jsp --><!--
			If the user is not logged in, render this opening
			DIV adding an addtional class to fix the border top which is removed
			and replaced by the tabs
		-->
            <div class="addToTrolleytabContainer addItemBorderTop">
                <!-- End AddToSubscriptionList.jsp --><!-- End AddSubscriptionList.jspf --><!--
                    ATTENTION!!!
                    <div class="addToTrolleytabContainer">
                    This opening div is inside "../../ReusableObjects/UserSubscribedOrNot.jsp"
                    -->
                <div class="pricingAndTrolleyOptions">

                    <div class="priceTab priceTabContainer activeContainer addItem" id="addItem_97981">
                        <div class="pricing">

                            <p class="pricePerUnit">
                                £1.75<abbr title="per">/</abbr><abbr title="unit"><span class="pricePerUnitUnit">unit</span></abbr>
                            </p>

                            <p class="pricePerMeasure">£5.30<abbr
                                    title="per">/</abbr><abbr
                                    title="litres"><span class="pricePerMeasureMeasure">ltr</span></abbr>
                            </p>

                        </div>


                        <div class="addToTrolleyForm ">

                            <form class="addToTrolleyForm" name="OrderItemAddForm_97981" action="OrderItemAdd" method="post" id="OrderItemAddForm_97981" class="addToTrolleyForm">
                                <input type="hidden" name="storeId" value="10151"/>
                                <input type="hidden" name="langId" value="44"/>
                                <input type="hidden" name="catalogId" value="10122"/>
                                <input type="hidden" name="URL" value="http://www.sainsburys.co.uk/webapp/wcs/stores/servlet//CategoryDisplay?pageSize=30&amp;catalogId=10122&amp;level=2&amp;top_category=12192&amp;parent_category_rn=12192&amp;langId=44&amp;categoryId=12257&amp;beginIndex=0&amp;storeId=10151"/>
                                <input type="hidden" name="errorViewName" value="CategoryDisplayView"/>
                                <input type="hidden" name="SKU_ID" value="7338131"/>

                                <label class="access" for="quantity_97980">Quantity</label>

                                <input name="quantity" id="quantity_97980" type="text" size="3" value="1" class="quantity"   />


                                <input type="hidden" name="catEntryId" value="97981"/>
                                <input type="hidden" name="productId" value="97980"/>

                                <input type="hidden" name="page" value=""/>
                                <input type="hidden" name="contractId" value=""/>
                                <input type="hidden" name="calculateOrder" value="1"/>
                                <input type="hidden" name="calculationUsage" value="-1,-2,-3"/>
                                <input type="hidden" name="updateable" value="1"/>
                                <input type="hidden" name="merge" value="***"/>

                                <input type="hidden" name="callAjax" value="false"/>

                                <input class="button process" type="submit" name="Add" value="Add" />

                            </form>

                            <div class="numberInTrolley hidden numberInTrolley_97981" id="numberInTrolley_97981">

                            </div>

                        </div>

                        <!-- BEGIN CatalogEntryRatingsReviewsInfo.jspf --><!-- productAllowedRatingsAndReviews: true -->
                        <div class="reviews">

                            <a class="numberOfReviews" href="http://www.sainsburys.co.uk/shop/gb/groceries/ale-stout/brew-dog-5am-saint-330ml#reviews" >
                                <img src="http://c2.sainsburys.co.uk/wcsstore7.11.1.161/SainsburysStorefrontAssetStore/img/stars/rating-5_0.gif" alt="5.0" border="0"/>&nbsp;
                                Reviews (1)
                            </a>

                        </div>
                        <!-- END CatalogEntryRatingsReviewsInfo.jspf -->
                    </div>
                    <!-- Start AddToSubscriptionList.jspf --><!-- Start AddToSubscriptionList.jsp --><!-- End AddToSubscriptionList.jsp --><!-- End AddToSubscriptionList.jspf -->
                </div>


            </div>
        </div>
        <!-- END CatalogEntryThumbnailDisplay.jsp -->
</li>


<li class="gridItem">
    <!-- BEGIN CatalogEntryThumbnailDisplay.jsp --><!-- BEGIN MerchandisingAssociationsDisplay.jsp --><!-- Start - JSP File Name:  MerchandisingAssociationsDisplay.jsp --><!-- END MerchandisingAssociationsDisplay.jsp -->
    <div class="product  highlighted specialOffer">

        <div class="productInfo">
            <div class="productNameAndPromotions">

                <h3>
                    <a href="http://www.sainsburys.co.uk/shop/gb/groceries/ale-stout/dead-pony-club-beer-330ml" >
                        BrewDog Dead Pony Club Beer 330ml
                        <img src="http://c2.sainsburys.co.uk/wcsstore7.11.1.161/ExtendedSitesCatalogAssetStore/images/catalog/productImages/94/5060154911794/5060154911794_L.jpeg" alt="" />
                    </a>
                </h3>

                <div class="promotion">

                    <p><a href="http://www.sainsburys.co.uk/webapp/wcs/stores/servlet/PromotionDisplayView?catalogId=10122&amp;langId=44&amp;productId=105894&amp;storeId=10151&amp;promotionId=10155866">Buy any 2 for £3.00</a></p>

                </div>

            </div>
        </div>

        <div class="strapline"><a href="http://www.sainsburys.co.uk/webapp/wcs/stores/servlet/PromotionDisplayView?catalogId=10122&amp;langId=44&amp;productId=105894&amp;storeId=10151&amp;promotionId=10155866"><img src="/wcsstore7.11.1.161/SainsburysStorefrontAssetStore/wcassets/icons/special/img-special-offer.png" alt="Special Offer" /></a></div>

        <div class="errorBanner hidden" id="error105895"></div>
        <div class="addToTrolleytabBox">
            <!--addToTrolleytabBox GRID VIEW --><!-- Start UserSubscribedOrNot.jspf --><!-- Start UserSubscribedOrNot.jsp --><!--
			If the user is not logged in, render this opening
			DIV adding an addtional class to fix the border top which is removed
			and replaced by the tabs
		-->
            <div class="addToTrolleytabContainer addItemBorderTop">
                <!-- End AddToSubscriptionList.jsp --><!-- End AddSubscriptionList.jspf --><!--
                    ATTENTION!!!
                    <div class="addToTrolleytabContainer">
                    This opening div is inside "../../ReusableObjects/UserSubscribedOrNot.jsp"
                    -->
                <div class="pricingAndTrolleyOptions">

                    <div class="priceTab priceTabContainer activeContainer addItem" id="addItem_105895">
                        <div class="pricing">

                            <p class="pricePerUnit">
                                £1.75<abbr title="per">/</abbr><abbr title="unit"><span class="pricePerUnitUnit">unit</span></abbr>
                            </p>

                            <p class="pricePerMeasure">£5.30<abbr
                                    title="per">/</abbr><abbr
                                    title="litres"><span class="pricePerMeasureMeasure">ltr</span></abbr>
                            </p>

                        </div>


                        <div class="addToTrolleyForm ">

                            <form class="addToTrolleyForm" name="OrderItemAddForm_105895" action="OrderItemAdd" method="post" id="OrderItemAddForm_105895" class="addToTrolleyForm">
                                <input type="hidden" name="storeId" value="10151"/>
                                <input type="hidden" name="langId" value="44"/>
                                <input type="hidden" name="catalogId" value="10122"/>
                                <input type="hidden" name="URL" value="http://www.sainsburys.co.uk/webapp/wcs/stores/servlet//CategoryDisplay?pageSize=30&amp;catalogId=10122&amp;level=2&amp;top_category=12192&amp;parent_category_rn=12192&amp;langId=44&amp;categoryId=12257&amp;beginIndex=0&amp;storeId=10151"/>
                                <input type="hidden" name="errorViewName" value="CategoryDisplayView"/>
                                <input type="hidden" name="SKU_ID" value="7578735"/>

                                <label class="access" for="quantity_105894">Quantity</label>

                                <input name="quantity" id="quantity_105894" type="text" size="3" value="1" class="quantity"   />


                                <input type="hidden" name="catEntryId" value="105895"/>
                                <input type="hidden" name="productId" value="105894"/>

                                <input type="hidden" name="page" value=""/>
                                <input type="hidden" name="contractId" value=""/>
                                <input type="hidden" name="calculateOrder" value="1"/>
                                <input type="hidden" name="calculationUsage" value="-1,-2,-3"/>
                                <input type="hidden" name="updateable" value="1"/>
                                <input type="hidden" name="merge" value="***"/>

                                <input type="hidden" name="callAjax" value="false"/>

                                <input class="button process" type="submit" name="Add" value="Add" />

                            </form>

                            <div class="numberInTrolley hidden numberInTrolley_105895" id="numberInTrolley_105895">

                            </div>

                        </div>

                        <!-- BEGIN CatalogEntryRatingsReviewsInfo.jspf --><!-- productAllowedRatingsAndReviews: true -->
                        <div class="reviews">

                            <a class="numberOfReviews" href="http://www.sainsburys.co.uk/shop/gb/groceries/ale-stout/dead-pony-club-beer-330ml#reviews" >
                                <img src="http://c2.sainsburys.co.uk/wcsstore7.11.1.161/SainsburysStorefrontAssetStore/img/stars/rating-5_0.gif" alt="5.0" border="0"/>&nbsp;
                                Reviews (1)
                            </a>

                        </div>
                        <!-- END CatalogEntryRatingsReviewsInfo.jspf -->
                    </div>
                    <!-- Start AddToSubscriptionList.jspf --><!-- Start AddToSubscriptionList.jsp --><!-- End AddToSubscriptionList.jsp --><!-- End AddToSubscriptionList.jspf -->
                </div>


            </div>
        </div>
        <!-- END CatalogEntryThumbnailDisplay.jsp -->
</li>


<li class="gridItem">
    <!-- BEGIN CatalogEntryThumbnailDisplay.jsp --><!-- BEGIN MerchandisingAssociationsDisplay.jsp --><!-- Start - JSP File Name:  MerchandisingAssociationsDisplay.jsp --><!-- END MerchandisingAssociationsDisplay.jsp -->
    <div class="product  highlighted specialOffer">

        <div class="productInfo">
            <div class="productNameAndPromotions">

                <h3>
                    <a href="http://www.sainsburys.co.uk/shop/gb/groceries/ale-stout/punk-ipa---modern-classic-pale-ale-300ml" >
                        BrewDog Punk IPA 300ml (6% Abv)
                        <img src="http://c2.sainsburys.co.uk/wcsstore7.11.1.161/ExtendedSitesCatalogAssetStore/images/catalog/productImages/18/5060154910018/5060154910018_L.jpeg" alt="" />
                    </a>
                </h3>

                <div class="promotion">

                    <p><a href="http://www.sainsburys.co.uk/webapp/wcs/stores/servlet/PromotionDisplayView?catalogId=10122&amp;langId=44&amp;productId=91800&amp;storeId=10151&amp;promotionId=10155866">Buy any 2 for £3.00</a></p>

                </div>

            </div>
        </div>

        <div class="strapline"><a href="http://www.sainsburys.co.uk/webapp/wcs/stores/servlet/PromotionDisplayView?catalogId=10122&amp;langId=44&amp;productId=91800&amp;storeId=10151&amp;promotionId=10155866"><img src="/wcsstore7.11.1.161/SainsburysStorefrontAssetStore/wcassets/icons/special/img-special-offer.png" alt="Special Offer" /></a></div>

        <div class="errorBanner hidden" id="error91801"></div>
        <div class="addToTrolleytabBox">
            <!--addToTrolleytabBox GRID VIEW --><!-- Start UserSubscribedOrNot.jspf --><!-- Start UserSubscribedOrNot.jsp --><!--
			If the user is not logged in, render this opening
			DIV adding an addtional class to fix the border top which is removed
			and replaced by the tabs
		-->
            <div class="addToTrolleytabContainer addItemBorderTop">
                <!-- End AddToSubscriptionList.jsp --><!-- End AddSubscriptionList.jspf --><!--
                    ATTENTION!!!
                    <div class="addToTrolleytabContainer">
                    This opening div is inside "../../ReusableObjects/UserSubscribedOrNot.jsp"
                    -->
                <div class="pricingAndTrolleyOptions">

                    <div class="priceTab priceTabContainer activeContainer addItem" id="addItem_91801">
                        <div class="pricing">

                            <p class="pricePerUnit">
                                £1.75<abbr title="per">/</abbr><abbr title="unit"><span class="pricePerUnitUnit">unit</span></abbr>
                            </p>

                            <p class="pricePerMeasure">£5.30<abbr
                                    title="per">/</abbr><abbr
                                    title="litres"><span class="pricePerMeasureMeasure">ltr</span></abbr>
                            </p>

                        </div>


                        <div class="addToTrolleyForm ">

                            <form class="addToTrolleyForm" name="OrderItemAddForm_91801" action="OrderItemAdd" method="post" id="OrderItemAddForm_91801" class="addToTrolleyForm">
                                <input type="hidden" name="storeId" value="10151"/>
                                <input type="hidden" name="langId" value="44"/>
                                <input type="hidden" name="catalogId" value="10122"/>
                                <input type="hidden" name="URL" value="http://www.sainsburys.co.uk/webapp/wcs/stores/servlet//CategoryDisplay?pageSize=30&amp;catalogId=10122&amp;level=2&amp;top_category=12192&amp;parent_category_rn=12192&amp;langId=44&amp;categoryId=12257&amp;beginIndex=0&amp;storeId=10151"/>
                                <input type="hidden" name="errorViewName" value="CategoryDisplayView"/>
                                <input type="hidden" name="SKU_ID" value="6613132"/>

                                <label class="access" for="quantity_91800">Quantity</label>

                                <input name="quantity" id="quantity_91800" type="text" size="3" value="1" class="quantity"   />


                                <input type="hidden" name="catEntryId" value="91801"/>
                                <input type="hidden" name="productId" value="91800"/>

                                <input type="hidden" name="page" value=""/>
                                <input type="hidden" name="contractId" value=""/>
                                <input type="hidden" name="calculateOrder" value="1"/>
                                <input type="hidden" name="calculationUsage" value="-1,-2,-3"/>
                                <input type="hidden" name="updateable" value="1"/>
                                <input type="hidden" name="merge" value="***"/>

                                <input type="hidden" name="callAjax" value="false"/>

                                <input class="button process" type="submit" name="Add" value="Add" />

                            </form>

                            <div class="numberInTrolley hidden numberInTrolley_91801" id="numberInTrolley_91801">

                            </div>

                        </div>

                        <!-- BEGIN CatalogEntryRatingsReviewsInfo.jspf --><!-- productAllowedRatingsAndReviews: true -->
                        <div class="reviews">

                            <a class="numberOfReviews" href="http://www.sainsburys.co.uk/shop/gb/groceries/ale-stout/punk-ipa---modern-classic-pale-ale-300ml#reviews" >
                                <img src="http://c2.sainsburys.co.uk/wcsstore7.11.1.161/SainsburysStorefrontAssetStore/img/stars/rating-5_0.gif" alt="5.0" border="0"/>&nbsp;
                                Reviews (5)
                            </a>

                        </div>
                        <!-- END CatalogEntryRatingsReviewsInfo.jspf -->
                    </div>
                    <!-- Start AddToSubscriptionList.jspf --><!-- Start AddToSubscriptionList.jsp --><!-- End AddToSubscriptionList.jsp --><!-- End AddToSubscriptionList.jspf -->
                </div>


            </div>
        </div>
        <!-- END CatalogEntryThumbnailDisplay.jsp -->
</li>

</ul>


<h2 class="access">Product pagination</h2>
<div class="pagination paginationBottom">


    <ul class="pages">
        <li class="previous">

            <span class="access">Go to previous page</span>

        </li>

        <li class="current"><span class="access">Current page </span><span>1</span></li>

        <li><a href="http://www.sainsburys.co.uk/webapp/wcs/stores/servlet/CategoryDisplay?pageSize=30&amp;searchTerm=&amp;catalogId=10122&amp;orderBy=FAVOURITES_FIRST&amp;top_category=12192&amp;parent_category_rn=12192&amp;listId=&amp;categoryId=12257&amp;langId=44&amp;beginIndex=30&amp;storeId=10151&amp;promotionId="><span class="access">Page </span><span>2</span></a></li>

        <li><a href="http://www.sainsburys.co.uk/webapp/wcs/stores/servlet/CategoryDisplay?pageSize=30&amp;searchTerm=&amp;catalogId=10122&amp;orderBy=FAVOURITES_FIRST&amp;top_category=12192&amp;parent_category_rn=12192&amp;listId=&amp;categoryId=12257&amp;langId=44&amp;beginIndex=60&amp;storeId=10151&amp;promotionId="><span class="access">Page </span><span>3</span></a></li>

        <li><a href="http://www.sainsburys.co.uk/webapp/wcs/stores/servlet/CategoryDisplay?pageSize=30&amp;searchTerm=&amp;catalogId=10122&amp;orderBy=FAVOURITES_FIRST&amp;top_category=12192&amp;parent_category_rn=12192&amp;listId=&amp;categoryId=12257&amp;langId=44&amp;beginIndex=90&amp;storeId=10151&amp;promotionId="><span class="access">Page </span><span>4</span></a></li>

        <li><a href="http://www.sainsburys.co.uk/webapp/wcs/stores/servlet/CategoryDisplay?pageSize=30&amp;searchTerm=&amp;catalogId=10122&amp;orderBy=FAVOURITES_FIRST&amp;top_category=12192&amp;parent_category_rn=12192&amp;listId=&amp;categoryId=12257&amp;langId=44&amp;beginIndex=120&amp;storeId=10151&amp;promotionId="><span class="access">Page </span><span>5</span></a></li>

        <li class="next">

            <a href="http://www.sainsburys.co.uk/webapp/wcs/stores/servlet/CategoryDisplay?pageSize=30&amp;searchTerm=&amp;catalogId=10122&amp;orderBy=FAVOURITES_FIRST&amp;top_category=12192&amp;parent_category_rn=12192&amp;listId=&amp;categoryId=12257&amp;langId=44&amp;beginIndex=30&amp;storeId=10151&amp;promotionId=">

                <span class="access">Go to next page</span>

            </a>

        </li>
    </ul>

</div>

</div>
</div>
<!-- END ShelfDisplay.jsp --><!-- ********************* ZDAS ESpot Display Start ********************** -->
<div class="section eSpotContainer bottomESpots">
    <!-- Left POD ESpot Name = Z:DRINKS/Espot_Left -->
    <!-- START ZDASPODDisplay.jsp -->

    <div id="sitecatalyst_ESPOT_NAME_Z:DRINKS/Espot_Left" class="siteCatalystTag">Z:DRINKS/Espot_Left</div>

    <div class="es es-border-box" style="width: 100%; height: 150px; padding-bottom: 15px; "><div suspendOnHover="true" dojotype="dojox.widget.AutoRotator" transition="dojox.widget.rotator.crossFade" id="myAutoRotator1445437161304" class="es-border-box-100  es-transparent-bg" duration=""><div class="es-border-box-100"><div class="es-border-box-100"><a href="/shop/gb/groceries/get-ideas/features/pc13-great-offers-on-mcguigan-estate-wines"><img src="/wcassets/2015_2016/cycle_13_18_nov/avl_mcguigan_shiraz_150_135x847px.jpg" alt="Multibuy offer on a selection of McGuigan Estate wine bottles. Find out more."/></a></div><div class="es-border-box es-white-bg" style="width: 168px; height: 155px; position: absolute; left: 0px; top: 0px; opacity: 1; -ms-filter: progid:DXImageTransform.Microsoft.Alpha(100); filter: alpha(opacity=100);"></div><div class="es-border-box" style="width: 168px; height: 155px; position: absolute; left: 0px; top: 0px; padding-left: 15px; padding-top: 10px; padding-right: 15px; padding-bottom: 15px; "><div class="es-border-box" style="width: 100%; padding-top: px; "><h3 class="content-value"><img class="content-value" src="/wcassets/default/banner/pound-icon.jpg" alt="" width="20" height="20" />2 for &pound;10</h3></div><div style="width: 100%; padding-top: px; " class="es-border-box"><p>Choose the perfect drop, or two, from McGuigan Estate</p></div><div class="es-border-box" style="width: 100%; padding-top: px;"><a class="es-promotion-link" style="color:#ffffcc" href="" target="_blank">&raquo;
    </a><a class="es-promotion-link" style="color:#ffffcc" href="">&raquo;
    </a></div></div></div></div></div>
    <!-- end of if empty marketingSpotDatas loop--><!-- END ZDASPODDisplay.jsp --><!--  Middle POD Espot Name = Z:DRINKS/D:LAGER_BEER_AND_CIDER/Espot_Middle -->
    <!-- START ZDASPODDisplay.jsp -->

    <div id="sitecatalyst_ESPOT_NAME_Z:DRINKS/D:LAGER_BEER_AND_CIDER/Espot_Middle" class="siteCatalystTag">Z:DRINKS/D:LAGER_BEER_AND_CIDER/Espot_Middle</div>

    <div class="es es-border-box" style="width: 100%; height: 150px; padding-bottom: 15px; "><div suspendOnHover="true" dojotype="dojox.widget.AutoRotator" transition="dojox.widget.rotator.crossFade" id="myAutoRotator1445437229777" class="es-border-box-100  es-transparent-bg" duration=""><div class="es-border-box-100"><div class="es-border-box-100"><a href="/shop/gb/groceries/budweiser-18x440ml"><img src="/wcassets/2015_2016/cycle_13_18_nov/abi_budweiser_18_full_banner_value_135x847px.jpg" alt="Low price offer on Budweiser 18 pack. Find out more."/></a></div><div class="es-border-box es-white-bg" style="width: 168px; height: 155px; position: absolute; left: 0px; top: 0px; opacity: 1; -ms-filter: progid:DXImageTransform.Microsoft.Alpha(100); filter: alpha(opacity=100);"></div><div class="es-border-box" style="width: 168px; height: 155px; position: absolute; left: 0px; top: 0px; padding-left: 15px; padding-top: 10px; padding-right: 15px; padding-bottom: 15px; "><div class="es-border-box" style="width: 100%; padding-top: px; "><h3 class="content-value"><img class="content-value" src="/wcassets/default/banner/pound-icon.jpg" alt="" width="20" height="20" />&pound;12</h3></div><div style="width: 100%; padding-top: px; " class="es-border-box"><p>Budweiser 18x440ml</p></div><div class="es-border-box" style="width: 100%; padding-top: px;"><a class="es-promotion-link" style="color:#ffffcc" href="" target="_blank">&raquo;
    </a><a class="es-promotion-link" style="color:#ffffcc" href="">&raquo;
    </a></div></div></div></div></div>
    <!-- end of if empty marketingSpotDatas loop--><!-- END ZDASPODDisplay.jsp --><!--  Right POD Espot Name = Z_Default_Espot_Content-->
    <!-- START ZDASPODDisplay.jsp -->

    <div id="sitecatalyst_ESPOT_NAME_Z_Default_Espot_Content" class="siteCatalystTag">Z_Default_Espot_Content</div>

    <!-- end of if empty marketingSpotDatas loop--><!-- END ZDASPODDisplay.jsp -->
</div>
<!-- ********************* ZDAS ESpot Display End ********************** -->
</div>
<!-- content End --><!-- auxiliary Start -->
<div class="aside" id="auxiliary">
    <!-- BEGIN RightHandSide.jspf -->
    <div id="auxiliaryDock">
        <!-- BEGIN RightHandSide.jsp -->

        <div class="panel loginPanel">

            <div id="sitecatalyst_ESPOT_NAME_NZ_Welcome_Back_RHS_Espot" class="siteCatalystTag">NZ_Welcome_Back_RHS_Espot</div>


            <h2>Already a customer?</h2>
            <form name="signIn" method="post" action="LogonView" id="Rhs_signIn">
                <input type="hidden" name="storeId" value="10151"/>
                <input type="hidden" name="langId" value="44"/>
                <input type="hidden" name="catalogId" value="10122"/>
                <input type="hidden" name="URL" value="http://www.sainsburys.co.uk/webapp/wcs/stores/servlet//CategoryDisplay?pageSize=30&catalogId=10122&level=2&top_category=12192&parent_category_rn=12192&langId=44&categoryId=12257&beginIndex=0&storeId=10151"/>
                <input type="hidden" name="logonCallerId" value="LogonButton"/>
                <input type="hidden" name="errorViewName" value="CategoryDisplayView"/>
                <input class="button process" type="submit" value="Log in" />
            </form>

            <div class="panelFooter">
                <p class="register">Not yet registered?
                    <a class="callToAction" name="register" href="http://www.sainsburys.co.uk/webapp/wcs/stores/servlet/PostcodeCheckView?catalogId=&currentPageUrl=http%3A%2F%2Fwww.sainsburys.co.uk%2Fwebapp%2Fwcs%2Fstores%2Fservlet%2F%2FCategoryDisplay%3FpageSize%3D30%26catalogId%3D10122%26level%3D2%26top_category%3D12192%26parent_category_rn%3D12192%26langId%3D44%26categoryId%3D12257%26beginIndex%3D0%26storeId%3D10151&langId=44&storeId=10151"> Register Now</a></p>
            </div>
        </div>
        <div class="panel imagePanel checkPostCodePanel" id="checkPostCodePanel">

            <div id="sitecatalyst_ESPOT_NAME_NZ_Do_We_Deliver_To_You_Espot" class="siteCatalystTag">NZ_Do_We_Deliver_To_You_Espot</div>

            <h2>New customer?</h2>
            <p>Enter your postcode to check we deliver in your area.</p>


            <div id="PostCodeMessageArea" class="errorMessage" style="display:none;">
            </div>

            <form name="CheckPostCode" method="post" action="/webapp/wcs/stores/servlet/CheckPostCode" id="Rhs_checkPostCode">
                <input type="hidden" name="langId" value="44"/>
                <input type="hidden" name="storeId" value="10151"/>
                <input type="hidden" name="currentPageUrl" value="http://www.sainsburys.co.uk/webapp/wcs/stores/servlet//CategoryDisplay?pageSize=30&amp;catalogId=10122&amp;level=2&amp;top_category=12192&amp;parent_category_rn=12192&amp;langId=44&amp;categoryId=12257&amp;beginIndex=0&amp;storeId=10151"/>

                <input type="hidden" name="currentViewName" value="CategoryDisplayView"/>

                <input type="hidden" name="messageAreaId" value="PostCodeMessageArea"/>

                <div class="field">
                    <div class="indicator">
                        <label class="access" for="postCode">Postcode</label>
                    </div>
                    <div class="input">
                        <input type="text" name="postCode" id="postCode" maxlength="8" value="" />
                    </div>
                </div>
                <div class="actions">
                    <input class="button primary process" type="submit" value="Check postcode"/>
                </div>
            </form>
        </div>
        <!-- END RightHandSide.jsp --><!-- BEGIN MiniShopCartDisplay.jsp --><!-- If we get here from a generic error this service will fail so we need to catch the exception -->
        <div class="panel infoPanel">
            <span class="icon infoIcon"></span>
            <h2>Important Information</h2>
            <p>Alcohol promotions available to online customers serviced from our Scottish stores may differ from those shown when browsing our site. Please log in to see the full range of promotions available to you.</p>
        </div>
        <!-- END MiniShopCartDisplay.jsp -->
    </div>
    <!-- END RightHandSide.jspf -->
</div>
<!-- auxiliary End -->
</div>
<!-- Main Area End --><!-- Footer Start --><!-- BEGIN LayoutContainerBottom.jspf --><!-- BEGIN FooterDisplay.jspf -->


<div id="globalFooter" class="footer">
    <ul>
        <li><a href="http://www.sainsburys.co.uk/privacy">Privacy policy</a></li>
        <li><a href="http://www.sainsburys.co.uk/cookies">Cookie policy</a></li>
        <li><a href="http://www.sainsburys.co.uk/terms">Terms &amp; conditions</a></li>
        <li><a href="http://www.sainsburys.co.uk/accessibility">Accessibility</a></li>
        <li><a href="http://help.sainsburys.co.uk/" rel="external" target="_blank" title="Opens in new window">Help Centre</a></li>
        <li><a href="http://www.sainsburys.co.uk/getintouch">Contact us</a></li>
        <li><a href="/webapp/wcs/stores/servlet/DeviceOverride?deviceId=-21&langId=44&storeId=10151">Mobile</a></li>
    </ul>

</div>

<!-- END FooterDisplay.jspf --><!-- END LayoutContainerBottom.jspf --><!-- Footer Start End -->
</div>
<!--// End #page  --><!-- Bright Tagger start -->

<div id="sitecatalyst_ws" class="siteCatalystTag"></div>

<script type="text/javascript">
    var brightTagStAccount = 'sp0XdVN';
</script>
<noscript>
    <iframe src="//s.thebrighttag.com/iframe?c=sp0XdVN" width="1" height="1" frameborder="0" scrolling="no" marginheight="0" marginwidth="0"></iframe>
</noscript>

<!-- Bright Tagger End -->
</body>
</html>

<!-- END CategoriesDisplay.jsp -->